2020 3278
1029 146 1109 187 124

254 278 376 319 modo
416 293 564 320 cenam
611 279 897 322 instructurus
929 281 982 322 sit
1028 281 1199 324 Stichus
1232 283 1551 324 accuratissime
1586 283 1669 324 iam
1702 299 1880 340 exposu-

252 348 331 388 erit
353 363 422 390 vv,
444 348 682 389 430—440.
708 363 867 401 ,servos
890 349 1028 391 homo‘
1061 366 1234 406 prorsus
1257 350 1462 392 inutiliter
1485 351 1644 393 dictum
1668 353 1739 408 (cf.
1762 353 1879 408 433),

252 429 415 465 ‚cenam
448 416 612 457 offcrre‘
644 417 816 458 omnino
850 418 1093 461 Plautinum
1125 434 1208 460 non
1243 426 1316 460 est.
1350 418 1522 460 ultimus
1555 435 1703 462 versus
1728 421 1879 463 misere

252 484 574 526 consarcinatus
607 492 680 527 est.
742 495 923 541 ,egomet
954 501 1021 529 me
1046 494 1196 529 moror‘
1228 487 1473 543 similesque
1496 488 1704 530 formulae
1736 489 1879 544 (‚quid

251 566 331 608 ego
363 567 482 594 cesso
505 560 702 605 currere‘,
735 554 873 604 ,nimis
905 555 977 597 diu
1009 571 1058 597 ac
1081 557 1256 611 longum
1289 555 1466 612 loquor‘‚
1489 556 1562 609 al.)
1594 571 1739 599 eorum
1762 565 1875 608 sunt,

250 621 322 675 qui
354 621 502 662 autad
535 621 753 677 negotium
788 622 1095 665 absolvendum
1127 639 1255 678 quam
1297 624 1481 665 maxime
1514 633 1764 679 properant,
1805 633 1879 668 aut

250 703 301 729 ne
334 688 488 730 abeant
520 703 568 730 eo
601 697 764 732 tantum
797 692 919 745 quasi
952 692 1072 733 inviti
1105 693 1362 745 retinentur,
1403 692 1519 746 quod
1551 708 1662 734 nova
1696 707 1876 749 persona

249 757 290 798 in
323 771 521 799 scaenam
546 759 704 815 prodit.
765 768 805 801 at
829 759 1002 802 Stichus
1035 761 1140 802 adeo
1173 775 1256 802 non
1282 761 1468 811 festinat,
1501 768 1547 802 ut
1568 775 1681 803 nunc
1703 761 1877 804 demum

252 840 348 867 cum
380 826 647 869 auditoribus
680 828 958 883 colloquatur.

363 895 627 951 Ambiguum
659 904 720 938 est
750 897 956 939 iudicium
996 897 1047 939 de
1080 896 1271 939 versibus
1304 898 1398 941 590.
1430 897 1510 938 591
1545 897 1587 939 in
1620 898 1662 939 A
1695 898 1877 953 scriptis,

250 977 430 1017 quorum
462 964 674 1006 noviciam
707 965 915 1022 originem
947 965 1168 1021 suspicari,
1202 966 1275 1007 sed
1309 966 1380 1007 vix
1414 965 1704 1008 demonstrare
1729 981 1876 1023 possu-

248 1046 354 1081 muS,
387 1046 484 1074 cum
517 1033 704 1088 corrupti
737 1040 783 1075 ut
808 1034 974 1076 videtur
1005 1044 1045 1077 et
1077 1034 1268 1076 lacunosi
1301 1042 1483 1076 aetatem
1509 1035 1685 1076 tulerint
1706 1049 1869 1078 eorum-

248 1113 329 1155 que
361 1100 571 1142 restitutio
603 1101 889 1144 incertissima
920 1103 985 1144 sit.
1046 1103 1089 1143 in
1123 1101 1277 1159 quibus
1310 1117 1419 1157 quae
1451 1111 1567 1144 certa
1599 1111 1695 1145 sunt

930 1210 959 1233 <‚
992 1196 1067 1223 vos
1099 1182 1346 1224 invitassem
1382 1182 1554 1225 domum

919 1250 1024 1292 nihil
1057 1259 1132 1301 est,
1165 1258 1292 1305 atque
1324 1251 1403 1293 hoc
1435 1252 1552 1293 scitis
1586 1267 1658 1293 vos

363 1180 418 1221 Et
450 1181 645 1235 equidem
679 1183 713 1223 si

366 1249 435 1290 Ad
467 1264 547 1299 me,
580 1249 655 1291 sed
687 1278 768 1282 —--

250 1329 441 1382 profecto
460 1328 514 1370 ab
537 1329 840 1385 interpolatore
860 1330 985 1372 facile
1004 1330 1103 1371 addi
1121 1339 1315 1387 poterant
1331 1331 1544 1386 facileque
1563 1330 1873 1372 desiderantur.

251 1398 507 1439 contrariam
542 1406 685 1440 autem
717 1400 936 1441 continent
958 1400 1210 1442 sententiam
1243 1398 1437 1441 versibus
1459 1399 1708 1449 471—4823
1741 1400 1794 1440 cf.
1817 1399 1875 1440 in-

247 1465 394 1520 primis
431 1466 534 1506 476:
586 1466 716 1522 ‚Quid
755 1469 968 1524 gravare?
1006 1483 1202 1510 censeas:
1250 1468 1409 1511 Nescio
1447 1467 1551 1523 quid
1590 1467 1731 1509 hercle
1776 1481 1875 1509 vero

244 1533 381 1576 habeo
412 1535 454 1575 in
487 1535 672 1580 mundo‘.

361 1603 446 1646 Sed
469 1613 561 1645 utut
594 1605 645 1646 de
677 1605 757 1646 hoc
780 1605 872 1647 loco
897 1605 978 1646 viri
1003 1604 1115 1646 docti
1140 1605 1395 1646 sententiam
1417 1604 1571 1652 dicent,
1605 1604 1686 1646 hoc
1708 1611 1874 1647 certum

244 1679 327 1721 cst,
366 1672 560 1714 Stichum
609 1672 801 1714 fabulam
849 1673 903 1715 ab
945 1673 1219 1715 histrionibus
1260 1673 1358 1714 totis
1398 1687 1600 1715 versuum
1648 1671 1872 1714 ordinibus

245 1748 412 1780 auctam
461 1755 572 1789 esse,
617 1755 722 1797 quos
768 1742 920 1783 deinde
963 1752 1110 1783 auctor
1158 1742 1418 1782 recensionis
1466 1740 1782 1783 Ambrosianae
1828 1741 1872 1782 in

244 1823 366 1849 suum
399 1809 619 1864 exemplar
650 1811 821 1865 recepit.
882 1810 995 1865 quod
1039 1818 1266 1866 postquam
1305 1810 1571 1866 gravissimis
1605 1809 1869 1852 documentis

247 1876 540 1918 confirmatum
575 1887 650 1927 est,
684 1879 842 1933 optimo
875 1880 965 1920 iure
997 1878 1097 1919 alibi
1124 1893 1293 1935 quoque
1326 1879 1359 1920 si
1396 1879 1469 1934 qui
1501 1879 1600 1920 novi
1634 1893 1783 1920 versus
1819 1893 1870 1919 ex

251 1944 294 1986 A
334 1945 558 2000 prodeunt,
591 1947 662 2001 qui
695 1961 776 1987 non
811 1946 1006 1989 onmibus
1029 1947 1215 1989 numeris
1247 1947 1367 1989 nobis
1428 1948 1679 2003 probantur,
1713 1946 1870 1989 Plauti-

244 2029 340 2055 nam
381 2029 526 2056 eorum
565 2015 773 2071 originem
805 2015 1058 2057 addubitare
1098 2015 1252 2057 licebit.
1270 2017 1302 2072 ¹)
1363 2015 1602 2058 cuiusmodi
1635 2015 1718 2057 loci
1750 2022 1870 2057 sunt:

358 2083 474 2123 Most.
511 2084 616 2126 1054
657 2083 861 2125 Tranioni
894 2085 980 2127 doli
1013 2084 1121 2126 male
1154 2085 1419 2133 ceciderunt3
1460 2085 1550 2140 ipse
1591 2084 1677 2125 iam
1708 2083 1867 2126 intelle-

245 2150 307 2205 git
341 2165 460 2192 crum
490 2166 570 2192 non
604 2167 727 2209 posse
760 2153 892 2195 latere
924 2153 1101 2196 offucias
1133 2167 1255 2194 suas:

360 2229 466 2271 Nam
507 2230 593 2272 scio
631 2231 827 2286 equidem
870 2232 985 2274 nullo
1024 2245 1149 2287 pacto
1190 2233 1273 2274 iam
1320 2247 1412 2274 esse
1452 2247 1575 2287 posse
1615 2232 1721 2273 haec
1762 2231 1871 2273 clam

1325 2315 1481 2343 senem.
1496 2301 1530 2356 2)

357 2479 382 2521 ¹)
407 2479 526 2523 Quam
550 2480 731 2515 rationem
757 2482 827 2515 viri
867 2482 984 2523 docti,
1011 2482 1073 2516 ubi
1100 2481 1144 2515 de
1176 2481 1343 2515 versibus
1375 2493 1419 2516 ex
1445 2481 1475 2516 P
1501 2482 1763 2516 accedentibus
1788 2493 1871 2527 age-¹

241 2535 367 2576 batur,
406 2536 533 2570 sedulo
559 2538 675 2571 secuti
707 2544 801 2573 sunt.
853 2540 889 2572 in
922 2539 1212 2574 Ambrosianum
1246 2538 1399 2573 eandem
1437 2537 1612 2573 adhibere
1645 2539 1760 2572 nimia
1795 2539 1872 2572 eius

244 2591 489 2626 admiratione
514 2593 724 2637 praepediti
748 2594 963 2638 plerumque
989 2595 1286 2640 supersederunt.

358 2673 386 2714 ²)
411 2670 687 2706 Studemundus
726 2672 910 2717 Festyruss
953 2686 986 2718 p.
1024 2675 1083 2709 67:
1120 2673 1208 2716 ‚Der
1247 2673 1340 2708 Vers
1378 2673 1472 2708 Nam
1517 2673 1592 2708 scio
1629 2685 1662 2707 11.
1689 2685 1715 2708 s,
1741 2685 1784 2708 w.
1823 2673 1873 2707 ist

241 2727 280 2760 in
305 2729 339 2761 A
367 2727 486 2762 seiner
512 2728 639 2773 Lange
664 2741 792 2774 wegen
819 2740 885 2763 vor
910 2730 980 2764 den
999 2730 1157 2765 Worten
1182 2730 1277 2764 clam
1302 2741 1436 2772 senem,
1463 2729 1601 2764 welche
1626 2730 1686 2764 die
1706 2730 1809 2764 Zeile
1830 2731 1872 2764 15

246 2783 476 2825 einnehmen‚
501 2784 724 2829 gebrochen‚
750 2785 824 2819 und
849 2786 895 2820 da
912 2787 1036 2821 hinter
1061 2788 1134 2821 iam
1152 2798 1230 2821 esse
1255 2787 1293 2820 in
1310 2788 1345 2821 A
1371 2799 1429 2821 am
1447 2786 1721 2821 Zeilenschluss
1738 2786 1794 2831 (Z.
1815 2787 1872 2831 14)

244 2839 303 2873 ein
342 2839 456 2874 H...
493 2840 763 2883 hinzukommt,
808 2853 847 2876 so
884 2843 977 2877 wird
1014 2855 1098 2877 man
1133 2856 1166 2878 v.
1186 2844 1279 2891 ,1054
1310 2843 1490 2877 vielmehr
1525 2854 1565 2877 so
1602 2855 1645 2877 zu
1678 2842 1870 2877 schreiben

240 2894 373 2930 haben:
402 2923 420 2938 „
445 2923 452 2931 .
481 2924 487 2931 .
514 2924 520 2930 .
547 2923 554 2931 .
580 2897 653 2931 iam
679 2909 758 2932 esse
776 2909 883 2943 posse
901 2899 991 2934 haec
1009 2899 1103 2934 clam
1121 2903 1278 2936 senem“.
1326 2900 1455 2935 Damit
1480 2901 1528 2935 ist
1552 2900 1723 2946 zugleich
1749 2900 1869 2934 dieser

243 2950 419 2987 Gedanke
443 2953 749 2998 abgeschlossen.‘
