<?xml version="1.0" encoding="UTF-8"?>
<!DOCTYPE html PUBLIC "-//W3C//DTD XHTML 1.0 Transitional//EN"
    "http://www.w3.org/TR/xhtml1/DTD/xhtml1-transitional.dtd">
<html xmlns="http://www.w3.org/1999/xhtml" xml:lang="en" lang="en">
 <head>
  <title>
</title>
<meta http-equiv="Content-Type" content="text/html;charset=utf-8" />
  <meta name='ocr-system' content='tesseract 3.04.00' />
  <meta name='ocr-capabilities' content='ocr_page ocr_carea ocr_par ocr_line ocrx_word'/>
</head>
<body>
  <div class='ocr_page' id='page_1' title='image "./deplautifabularu00baieuoft_0035.png"; bbox 0 0 2020 3278; ppageno 0'>
   <div class='ocr_carea' id='block_1_1' title="bbox 93 151 1721 874">
    <p class='ocr_par' dir='ltr' id='par_1_1' title="bbox 883 151 936 190">
     <span class='ocr_line' id='line_1_1' title="bbox 883 151 936 190; baseline -0.019 0"><span class='ocrx_word' id='word_1_1' title='bbox 883 151 936 190; x_wconf 72' lang='lat'>‘23</span> 
     </span>
    </p>

    <p class='ocr_par' dir='ltr' id='par_1_2' title="bbox 93 284 1721 874">
     <span class='ocr_line' id='line_1_2' title="bbox 211 284 1718 340; baseline 0.001 -15"><span class='ocrx_word' id='word_1_2' title='bbox 211 284 304 326; x_wconf 84' lang='lat' dir='ltr'>Iam</span> <span class='ocrx_word' id='word_1_3' title='bbox 357 284 558 339; x_wconf 87' lang='lat' dir='ltr'>quoniam</span> <span class='ocrx_word' id='word_1_4' title='bbox 607 284 720 326; x_wconf 80' lang='lat' dir='ltr'>Festi</span> <span class='ocrx_word' id='word_1_5' title='bbox 780 285 965 340; x_wconf 80' lang='lat' dir='ltr'>epitoma</span> <span class='ocrx_word' id='word_1_6' title='bbox 1011 301 1062 326; x_wconf 87' lang='lat' dir='ltr'>ex</span> <span class='ocrx_word' id='word_1_7' title='bbox 1111 285 1235 328; x_wconf 86' lang='lat' dir='ltr'>Verri</span> <span class='ocrx_word' id='word_1_8' title='bbox 1283 285 1429 327; x_wconf 79' lang='lat' dir='ltr'>Flacci</span> <span class='ocrx_word' id='word_1_9' title='bbox 1479 300 1605 340; x_wconf 86' lang='lat' dir='ltr'>opere</span> <span class='ocrx_word' id='word_1_10' title='bbox 1651 300 1718 326; x_wconf 89' lang='lat' dir='ltr'>ex-</span> 
     </span>
     <span class='ocr_line' id='line_1_3' title="bbox 97 353 1720 409; baseline 0.001 -15"><span class='ocrx_word' id='word_1_11' title='bbox 97 360 242 408; x_wconf 89' lang='lat' dir='ltr'>cerpta</span> <span class='ocrx_word' id='word_1_12' title='bbox 274 361 356 403; x_wconf 87' lang='lat' dir='ltr'>est,</span> <span class='ocrx_word' id='word_1_13' title='bbox 396 367 448 394; x_wconf 83' lang='lat' dir='ltr'>cx</span> <span class='ocrx_word' id='word_1_14' title='bbox 490 353 560 403; x_wconf 80' lang='lat' dir='ltr'>iis,</span> <span class='ocrx_word' id='word_1_15' title='bbox 602 368 710 408; x_wconf 84' lang='lat' dir='ltr'>quae</span> <span class='ocrx_word' id='word_1_16' title='bbox 742 353 1027 408; x_wconf 89' lang='lat' dir='ltr'>Leidolphum</span> <span class='ocrx_word' id='word_1_17' title='bbox 1070 354 1202 395; x_wconf 91' lang='lat' dir='ltr'>secuti</span> <span class='ocrx_word' id='word_1_18' title='bbox 1242 353 1537 409; x_wconf 73' lang='lat' dir='ltr'>exposuimus,</span> <span class='ocrx_word' id='word_1_19' title='bbox 1580 369 1720 395; x_wconf 87' lang='lat' dir='ltr'>consc-</span> 
     </span>
     <span class='ocr_line' id='line_1_4' title="bbox 96 421 1721 477; baseline 0.001 -15"><span class='ocrx_word' id='word_1_20' title='bbox 96 421 260 476; x_wconf 80' lang='lat' dir='ltr'>quitur,</span> <span class='ocrx_word' id='word_1_21' title='bbox 314 421 396 462; x_wconf 87' lang='lat' dir='ltr'>iam</span> <span class='ocrx_word' id='word_1_22' title='bbox 448 421 568 462; x_wconf 90' lang='lat' dir='ltr'>Verri</span> <span class='ocrx_word' id='word_1_23' title='bbox 621 421 767 463; x_wconf 82' lang='lat' dir='ltr'>Flacci</span> <span class='ocrx_word' id='word_1_24' title='bbox 822 430 1012 477; x_wconf 90' lang='lat' dir='ltr'>tempore</span> <span class='ocrx_word' id='word_1_25' title='bbox 1057 422 1355 464; x_wconf 87' lang='lat' dir='ltr'>Plautinarum</span> <span class='ocrx_word' id='word_1_26' title='bbox 1407 422 1721 463; x_wconf 86' lang='lat' dir='ltr'>comoediarum</span> 
     </span>
     <span class='ocr_line' id='line_1_5' title="bbox 96 489 1720 544; baseline 0.001 -14"><span class='ocrx_word' id='word_1_27' title='bbox 96 489 360 544; x_wconf 86' lang='lat' dir='ltr'>exemplaria</span> <span class='ocrx_word' id='word_1_28' title='bbox 398 489 439 530; x_wconf 93' lang='lat' dir='ltr'>in</span> <span class='ocrx_word' id='word_1_29' title='bbox 480 489 587 531; x_wconf 87' lang='lat' dir='ltr'>duas</span> <span class='ocrx_word' id='word_1_30' title='bbox 626 490 892 532; x_wconf 81' lang='lat' dir='ltr'>recensiones</span> <span class='ocrx_word' id='word_1_31' title='bbox 932 490 1178 532; x_wconf 80' lang='lat' dir='ltr'>discessisse</span> <span class='ocrx_word' id='word_1_32' title='bbox 1217 490 1409 537; x_wconf 83' lang='lat' dir='ltr'>easdem,</span> <span class='ocrx_word' id='word_1_33' title='bbox 1449 505 1559 544; x_wconf 85' lang='lat' dir='ltr'>quae</span> <span class='ocrx_word' id='word_1_34' title='bbox 1597 490 1720 532; x_wconf 91' lang='lat' dir='ltr'>hodie</span> 
     </span>
     <span class='ocr_line' id='line_1_6' title="bbox 95 557 1720 613; baseline 0.001 -15"><span class='ocrx_word' id='word_1_35' title='bbox 95 557 389 600; x_wconf 82' lang='lat' dir='ltr'>Ambrosiano</span> <span class='ocrx_word' id='word_1_36' title='bbox 432 559 707 613; x_wconf 80' lang='lat' dir='ltr'>palimpsesto</span> <span class='ocrx_word' id='word_1_37' title='bbox 747 566 787 600; x_wconf 93' lang='lat' dir='ltr'>et</span> <span class='ocrx_word' id='word_1_38' title='bbox 826 558 1032 600; x_wconf 84' lang='lat' dir='ltr'>Palatinis</span> <span class='ocrx_word' id='word_1_39' title='bbox 1072 558 1290 600; x_wconf 76' lang='lat' dir='ltr'>codicibus</span> <span class='ocrx_word' id='word_1_40' title='bbox 1336 567 1720 613; x_wconf 78' lang='lat' dir='ltr'>repraesentantur.</span> 
     </span>
     <span class='ocr_line' id='line_1_7' title="bbox 95 626 1721 684; baseline 0.001 -17"><span class='ocrx_word' id='word_1_41' title='bbox 95 641 203 680; x_wconf 87' lang='lat' dir='ltr'>quae</span> <span class='ocrx_word' id='word_1_42' title='bbox 258 641 323 668; x_wconf 90' lang='lat' dir='ltr'>res</span> <span class='ocrx_word' id='word_1_43' title='bbox 371 642 394 667; x_wconf 85' lang='lat' dir='ltr'>a</span> <span class='ocrx_word' id='word_1_44' title='bbox 441 626 680 682; x_wconf 90' lang='lat' dir='ltr'>Leidolpho</span> <span class='ocrx_word' id='word_1_45' title='bbox 724 627 908 682; x_wconf 89' lang='lat' dir='ltr'>primum</span> <span class='ocrx_word' id='word_1_46' title='bbox 963 627 1117 668; x_wconf 84' lang='lat' dir='ltr'>diserte</span> <span class='ocrx_word' id='word_1_47' title='bbox 1173 627 1367 684; x_wconf 84' lang='lat' dir='ltr'>exposita</span> <span class='ocrx_word' id='word_1_48' title='bbox 1420 627 1721 682; x_wconf 88' lang='lat' dir='ltr'>comprobatur</span> 
     </span>
     <span class='ocr_line' id='line_1_8' title="bbox 93 693 1720 752; baseline 0.002 -17"><span class='ocrx_word' id='word_1_49' title='bbox 93 693 303 736; x_wconf 87' lang='lat' dir='ltr'>Plautinis</span> <span class='ocrx_word' id='word_1_50' title='bbox 342 694 444 736; x_wconf 86' lang='lat' dir='ltr'>locis</span> <span class='ocrx_word' id='word_1_51' title='bbox 484 694 599 750; x_wconf 88' lang='lat' dir='ltr'>apud</span> <span class='ocrx_word' id='word_1_52' title='bbox 641 694 829 736; x_wconf 90' lang='lat' dir='ltr'>Nonium</span> <span class='ocrx_word' id='word_1_53' title='bbox 868 694 1067 745; x_wconf 84' lang='lat' dir='ltr'>servatis,</span> <span class='ocrx_word' id='word_1_54' title='bbox 1117 695 1182 736; x_wconf 90' lang='lat' dir='ltr'>cui</span> <span class='ocrx_word' id='word_1_55' title='bbox 1224 695 1295 751; x_wconf 85' lang='lat' dir='ltr'>qui</span> <span class='ocrx_word' id='word_1_56' title='bbox 1336 695 1440 736; x_wconf 87' lang='lat' dir='ltr'>haec</span> <span class='ocrx_word' id='word_1_57' title='bbox 1478 696 1720 752; x_wconf 87' lang='lat' dir='ltr'>suppedita-</span> 
     </span>
     <span class='ocr_line' id='line_1_9' title="bbox 93 764 1720 820; baseline 0.002 -18"><span class='ocrx_word' id='word_1_58' title='bbox 93 770 244 805; x_wconf 89' lang='lat' dir='ltr'>verunt</span> <span class='ocrx_word' id='word_1_59' title='bbox 272 772 465 804; x_wconf 85' lang='lat' dir='ltr'>auctores</span> <span class='ocrx_word' id='word_1_60' title='bbox 497 777 545 804; x_wconf 92' lang='lat' dir='ltr'>eo</span> <span class='ocrx_word' id='word_1_61' title='bbox 578 771 765 818; x_wconf 90' lang='lat' dir='ltr'>tempore</span> <span class='ocrx_word' id='word_1_62' title='bbox 797 764 1023 813; x_wconf 86' lang='lat' dir='ltr'>vixerunt,</span> <span class='ocrx_word' id='word_1_63' title='bbox 1057 778 1142 818; x_wconf 87' lang='lat' dir='ltr'>quo</span> <span class='ocrx_word' id='word_1_64' title='bbox 1172 764 1441 820; x_wconf 87' lang='lat' dir='ltr'>grammatici</span> <span class='ocrx_word' id='word_1_65' title='bbox 1470 764 1591 805; x_wconf 89' lang='lat' dir='ltr'>latini</span> <span class='ocrx_word' id='word_1_66' title='bbox 1624 779 1720 808; x_wconf 91' lang='lat' dir='ltr'>cum</span> 
     </span>
     <span class='ocr_line' id='line_1_10' title="bbox 93 831 1300 874; baseline 0.001 -2"><span class='ocrx_word' id='word_1_67' title='bbox 93 831 384 873; x_wconf 87' lang='lat' dir='ltr'>Ambrosiana</span> <span class='ocrx_word' id='word_1_68' title='bbox 430 841 518 873; x_wconf 89' lang='lat' dir='ltr'>tum</span> <span class='ocrx_word' id='word_1_69' title='bbox 549 831 748 873; x_wconf 83' lang='lat' dir='ltr'>Palatina</span> <span class='ocrx_word' id='word_1_70' title='bbox 780 832 1026 873; x_wconf 88' lang='lat' dir='ltr'>recensione</span> <span class='ocrx_word' id='word_1_71' title='bbox 1057 832 1300 874; x_wconf 88' lang='lat' dir='ltr'>utebantur.</span> 
     </span>
    </p>
   </div>
   <div class='ocr_carea' id='block_1_2' title="bbox 84 910 1720 2474">
    <p class='ocr_par' dir='ltr' id='par_1_3' title="bbox 91 910 1720 1310">
     <span class='ocr_line' id='line_1_11' title="bbox 205 910 1720 964; baseline 0 -10"><span class='ocrx_word' id='word_1_72' title='bbox 205 911 290 954; x_wconf 83' lang='lat' dir='ltr'>Sed</span> <span class='ocrx_word' id='word_1_73' title='bbox 342 920 387 954; x_wconf 94' lang='lat' dir='ltr'>ut</span> <span class='ocrx_word' id='word_1_74' title='bbox 437 911 491 953; x_wconf 88' lang='lat' dir='ltr'>ad</span> <span class='ocrx_word' id='word_1_75' title='bbox 543 926 631 953; x_wconf 89' lang='lat' dir='ltr'>rem</span> <span class='ocrx_word' id='word_1_76' title='bbox 682 911 927 953; x_wconf 87' lang='lat' dir='ltr'>redeamus:</span> <span class='ocrx_word' id='word_1_77' title='bbox 991 912 1174 954; x_wconf 86' lang='lat' dir='ltr'>vidimus</span> <span class='ocrx_word' id='word_1_78' title='bbox 1230 911 1294 952; x_wconf 88' lang='lat' dir='ltr'>his</span> <span class='ocrx_word' id='word_1_79' title='bbox 1355 910 1550 953; x_wconf 89' lang='lat' dir='ltr'>omnibus</span> <span class='ocrx_word' id='word_1_80' title='bbox 1604 911 1720 964; x_wconf 83' lang='lat' dir='ltr'>locis,</span> 
     </span>
     <span class='ocr_line' id='line_1_12' title="bbox 93 979 1719 1034; baseline 0 -13"><span class='ocrx_word' id='word_1_81' title='bbox 93 995 273 1034; x_wconf 88' lang='lat' dir='ltr'>quorum</span> <span class='ocrx_word' id='word_1_82' title='bbox 320 980 362 1021; x_wconf 92' lang='lat' dir='ltr'>in</span> <span class='ocrx_word' id='word_1_83' title='bbox 409 979 577 1022; x_wconf 86' lang='lat' dir='ltr'>duabus</span> <span class='ocrx_word' id='word_1_84' title='bbox 623 980 944 1022; x_wconf 88' lang='lat' dir='ltr'>recensionibus</span> <span class='ocrx_word' id='word_1_85' title='bbox 991 979 1160 1021; x_wconf 88' lang='lat' dir='ltr'>diversa</span> <span class='ocrx_word' id='word_1_86' title='bbox 1205 979 1417 1034; x_wconf 90' lang='lat' dir='ltr'>scriptura</span> <span class='ocrx_word' id='word_1_87' title='bbox 1463 987 1605 1021; x_wconf 88' lang='lat' dir='ltr'>certe</span> <span class='ocrx_word' id='word_1_88' title='bbox 1657 981 1719 1022; x_wconf 91' lang='lat' dir='ltr'>ad</span> 
     </span>
     <span class='ocr_line' id='line_1_13' title="bbox 92 1047 1719 1104; baseline 0.001 -14"><span class='ocrx_word' id='word_1_89' title='bbox 92 1048 238 1092; x_wconf 87' lang='lat' dir='ltr'>Verri</span> <span class='ocrx_word' id='word_1_90' title='bbox 295 1047 475 1089; x_wconf 84' lang='lat' dir='ltr'>Flacci</span> <span class='ocrx_word' id='word_1_91' title='bbox 534 1057 769 1104; x_wconf 89' lang='lat' dir='ltr'>tempora</span> <span class='ocrx_word' id='word_1_92' title='bbox 825 1049 1076 1098; x_wconf 87' lang='lat' dir='ltr'>refertur,</span> <span class='ocrx_word' id='word_1_93' title='bbox 1128 1047 1374 1089; x_wconf 86' lang='lat' dir='ltr'>Palatinam</span> <span class='ocrx_word' id='word_1_94' title='bbox 1429 1049 1719 1092; x_wconf 88' lang='lat' dir='ltr'>recensionem</span> 
     </span>
     <span class='ocr_line' id='line_1_14' title="bbox 93 1115 1717 1174; baseline 0.002 -17"><span class='ocrx_word' id='word_1_95' title='bbox 93 1131 237 1157; x_wconf 89' lang='lat' dir='ltr'>veram</span> <span class='ocrx_word' id='word_1_96' title='bbox 269 1116 491 1158; x_wconf 90' lang='lat' dir='ltr'>lectionem</span> <span class='ocrx_word' id='word_1_97' title='bbox 526 1116 742 1167; x_wconf 83' lang='lat' dir='ltr'>exhibere,</span> <span class='ocrx_word' id='word_1_98' title='bbox 774 1124 922 1158; x_wconf 90' lang='lat' dir='ltr'>contra</span> <span class='ocrx_word' id='word_1_99' title='bbox 942 1115 1278 1158; x_wconf 85' lang='lat' dir='ltr'>Ambrosianum</span> <span class='ocrx_word' id='word_1_100' title='bbox 1312 1117 1398 1158; x_wconf 85' lang='lat' dir='ltr'>iam</span> <span class='ocrx_word' id='word_1_101' title='bbox 1429 1124 1519 1159; x_wconf 91' lang='lat' dir='ltr'>tum</span> <span class='ocrx_word' id='word_1_102' title='bbox 1543 1133 1717 1174; x_wconf 86' lang='lat' dir='ltr'>operam</span> 
     </span>
     <span class='ocr_line' id='line_1_15' title="bbox 91 1184 1718 1241; baseline 0.002 -15"><span class='ocrx_word' id='word_1_103' title='bbox 91 1185 469 1241; x_wconf 88' lang='lat' dir='ltr'>grammaticorum</span> <span class='ocrx_word' id='word_1_104' title='bbox 516 1194 738 1240; x_wconf 83' lang='lat' dir='ltr'>expertum</span> <span class='ocrx_word' id='word_1_105' title='bbox 785 1200 897 1235; x_wconf 87' lang='lat' dir='ltr'>esse,</span> <span class='ocrx_word' id='word_1_106' title='bbox 944 1184 1015 1240; x_wconf 91' lang='lat' dir='ltr'>qui</span> <span class='ocrx_word' id='word_1_107' title='bbox 1063 1184 1202 1226; x_wconf 91' lang='lat' dir='ltr'>verbis</span> <span class='ocrx_word' id='word_1_108' title='bbox 1243 1185 1429 1239; x_wconf 85' lang='lat' dir='ltr'>antiquis</span> <span class='ocrx_word' id='word_1_109' title='bbox 1468 1201 1544 1228; x_wconf 88' lang='lat' dir='ltr'>sua</span> <span class='ocrx_word' id='word_1_110' title='bbox 1581 1195 1718 1230; x_wconf 85' lang='lat' dir='ltr'>aetate</span> 
     </span>
     <span class='ocr_line' id='line_1_16' title="bbox 91 1253 1416 1310; baseline 0.002 -16"><span class='ocrx_word' id='word_1_111' title='bbox 91 1253 174 1294; x_wconf 91' lang='lat' dir='ltr'>iam</span> <span class='ocrx_word' id='word_1_112' title='bbox 207 1268 289 1294; x_wconf 91' lang='lat' dir='ltr'>non</span> <span class='ocrx_word' id='word_1_113' title='bbox 324 1253 550 1295; x_wconf 89' lang='lat' dir='ltr'>intellectis</span> <span class='ocrx_word' id='word_1_114' title='bbox 582 1253 632 1294; x_wconf 89' lang='lat' dir='ltr'>de</span> <span class='ocrx_word' id='word_1_115' title='bbox 666 1268 741 1295; x_wconf 89' lang='lat' dir='ltr'>suo</span> <span class='ocrx_word' id='word_1_116' title='bbox 772 1254 943 1310; x_wconf 89' lang='lat' dir='ltr'>ingenio</span> <span class='ocrx_word' id='word_1_117' title='bbox 975 1253 1058 1294; x_wconf 89' lang='lat' dir='ltr'>alia</span> <span class='ocrx_word' id='word_1_118' title='bbox 1090 1253 1416 1296; x_wconf 86' lang='lat' dir='ltr'>substituebant.</span> 
     </span>
    </p>

    <p class='ocr_par' dir='ltr' id='par_1_4' title="bbox 87 1321 1717 1857">
     <span class='ocr_line' id='line_1_17' title="bbox 205 1321 1717 1378; baseline 0.002 -15"><span class='ocrx_word' id='word_1_119' title='bbox 205 1321 344 1376; x_wconf 82' lang='lat' dir='ltr'>Quam</span> <span class='ocrx_word' id='word_1_120' title='bbox 399 1321 702 1364; x_wconf 88' lang='lat' dir='ltr'>correctionem</span> <span class='ocrx_word' id='word_1_121' title='bbox 754 1322 881 1363; x_wconf 87' lang='lat' dir='ltr'>etiam</span> <span class='ocrx_word' id='word_1_122' title='bbox 933 1322 1059 1363; x_wconf 88' lang='lat' dir='ltr'>latius</span> <span class='ocrx_word' id='word_1_123' title='bbox 1112 1322 1196 1363; x_wconf 90' lang='lat' dir='ltr'>iam</span> <span class='ocrx_word' id='word_1_124' title='bbox 1248 1330 1336 1364; x_wconf 85' lang='lat' dir='ltr'>tum</span> <span class='ocrx_word' id='word_1_125' title='bbox 1387 1323 1574 1378; x_wconf 89' lang='lat' dir='ltr'>patuisse</span> <span class='ocrx_word' id='word_1_126' title='bbox 1621 1338 1717 1366; x_wconf 91' lang='lat' dir='ltr'>cum</span> 
     </span>
     <span class='ocr_line' id='line_1_18' title="bbox 91 1391 1715 1447; baseline 0.002 -16"><span class='ocrx_word' id='word_1_127' title='bbox 91 1405 228 1440; x_wconf 80' lang='lat' dir='ltr'>nemo,</span> <span class='ocrx_word' id='word_1_128' title='bbox 251 1391 330 1432; x_wconf 90' lang='lat' dir='ltr'>nisi</span> <span class='ocrx_word' id='word_1_129' title='bbox 354 1391 424 1445; x_wconf 90' lang='lat' dir='ltr'>qui</span> <span class='ocrx_word' id='word_1_130' title='bbox 449 1405 552 1432; x_wconf 88' lang='lat' dir='ltr'>sana</span> <span class='ocrx_word' id='word_1_131' title='bbox 583 1391 746 1432; x_wconf 88' lang='lat' dir='ltr'>ratione</span> <span class='ocrx_word' id='word_1_132' title='bbox 770 1391 997 1433; x_wconf 89' lang='lat' dir='ltr'>destitutus</span> <span class='ocrx_word' id='word_1_133' title='bbox 1020 1391 1086 1440; x_wconf 87' lang='lat' dir='ltr'>sit,</span> <span class='ocrx_word' id='word_1_134' title='bbox 1119 1405 1276 1447; x_wconf 89' lang='lat' dir='ltr'>negare</span> <span class='ocrx_word' id='word_1_135' title='bbox 1299 1391 1445 1446; x_wconf 85' lang='lat' dir='ltr'>possit,</span> <span class='ocrx_word' id='word_1_136' title='bbox 1477 1392 1715 1447; x_wconf 88' lang='lat' dir='ltr'>paullulum</span> 
     </span>
     <span class='ocr_line' id='line_1_19' title="bbox 90 1457 1716 1514; baseline 0.002 -15"><span class='ocrx_word' id='word_1_137' title='bbox 90 1458 360 1499; x_wconf 84' lang='lat' dir='ltr'>retractanda</span> <span class='ocrx_word' id='word_1_138' title='bbox 400 1458 479 1499; x_wconf 91' lang='lat' dir='ltr'>erit</span> <span class='ocrx_word' id='word_1_139' title='bbox 523 1457 666 1514; x_wconf 90' lang='lat' dir='ltr'>opinio</span> <span class='ocrx_word' id='word_1_140' title='bbox 714 1473 882 1508; x_wconf 88' lang='lat' dir='ltr'>eorum,</span> <span class='ocrx_word' id='word_1_141' title='bbox 935 1459 1007 1513; x_wconf 88' lang='lat' dir='ltr'>qui</span> <span class='ocrx_word' id='word_1_142' title='bbox 1059 1473 1111 1500; x_wconf 84' lang='lat' dir='ltr'>ex</span> <span class='ocrx_word' id='word_1_143' title='bbox 1165 1466 1377 1501; x_wconf 86' lang='lat' dir='ltr'>vetustate</span> <span class='ocrx_word' id='word_1_144' title='bbox 1427 1460 1716 1504; x_wconf 87' lang='lat' dir='ltr'>Ambrosiano</span> 
     </span>
     <span class='ocr_line' id='line_1_20' title="bbox 89 1526 1716 1582; baseline 0.002 -15"><span class='ocrx_word' id='word_1_145' title='bbox 89 1541 298 1568; x_wconf 89' lang='lat' dir='ltr'>summam</span> <span class='ocrx_word' id='word_1_146' title='bbox 355 1527 660 1582; x_wconf 83' lang='lat' dir='ltr'>praestantiam</span> <span class='ocrx_word' id='word_1_147' title='bbox 723 1527 1026 1569; x_wconf 91' lang='lat' dir='ltr'>vindicandam</span> <span class='ocrx_word' id='word_1_148' title='bbox 1080 1535 1120 1568; x_wconf 86' lang='lat' dir='ltr'>et</span> <span class='ocrx_word' id='word_1_149' title='bbox 1169 1526 1258 1569; x_wconf 90' lang='lat' dir='ltr'>eius</span> <span class='ocrx_word' id='word_1_150' title='bbox 1310 1528 1561 1570; x_wconf 86' lang='lat' dir='ltr'>auctoritate</span> <span class='ocrx_word' id='word_1_151' title='bbox 1613 1530 1716 1572; x_wconf 91' lang='lat' dir='ltr'>locis</span> 
     </span>
     <span class='ocr_line' id='line_1_21' title="bbox 88 1594 1715 1653; baseline 0.003 -18"><span class='ocrx_word' id='word_1_152' title='bbox 88 1594 228 1636; x_wconf 90' lang='lat' dir='ltr'>dubiis</span> <span class='ocrx_word' id='word_1_153' title='bbox 273 1595 389 1637; x_wconf 87' lang='lat' dir='ltr'>litem</span> <span class='ocrx_word' id='word_1_154' title='bbox 437 1595 756 1638; x_wconf 87' lang='lat' dir='ltr'>diiudicandam</span> <span class='ocrx_word' id='word_1_155' title='bbox 801 1611 890 1638; x_wconf 88' lang='lat' dir='ltr'>esse</span> <span class='ocrx_word' id='word_1_156' title='bbox 938 1596 1137 1637; x_wconf 83' lang='lat' dir='ltr'>dixerunt</span> <span class='ocrx_word' id='word_1_157' title='bbox 1184 1597 1252 1649; x_wconf 86' lang='lat' dir='ltr'>(cf.</span> <span class='ocrx_word' id='word_1_158' title='bbox 1286 1611 1320 1640; x_wconf 88' lang='lat' dir='ltr'>e.</span> <span class='ocrx_word' id='word_1_159' title='bbox 1353 1612 1393 1653; x_wconf 90' lang='lat' dir='ltr'>g.</span> <span class='ocrx_word' id='word_1_160' title='bbox 1436 1596 1715 1653; x_wconf 83' lang='lat' dir='ltr'>Niemeyerus</span> 
     </span>
     <span class='ocr_line' id='line_1_22' title="bbox 87 1664 1714 1722; baseline 0.001 -15"><span class='ocrx_word' id='word_1_161' title='bbox 87 1678 128 1718; x_wconf 91' lang='lat' dir='ltr'>p.</span> <span class='ocrx_word' id='word_1_162' title='bbox 170 1664 222 1705; x_wconf 90' lang='lat'>10</span> <span class='ocrx_word' id='word_1_163' title='bbox 260 1667 354 1719; x_wconf 86' lang='lat' dir='ltr'>sq.).</span> <span class='ocrx_word' id='word_1_164' title='bbox 428 1679 611 1719; x_wconf 89' lang='lat' dir='ltr'>namque</span> <span class='ocrx_word' id='word_1_165' title='bbox 650 1666 812 1706; x_wconf 87' lang='lat' dir='ltr'>irritam</span> <span class='ocrx_word' id='word_1_166' title='bbox 842 1679 932 1705; x_wconf 91' lang='lat' dir='ltr'>esse</span> <span class='ocrx_word' id='word_1_167' title='bbox 978 1665 1184 1706; x_wconf 87' lang='lat' dir='ltr'>rationem</span> <span class='ocrx_word' id='word_1_168' title='bbox 1223 1665 1489 1720; x_wconf 83' lang='lat' dir='ltr'>antiquitatis</span> <span class='ocrx_word' id='word_1_169' title='bbox 1526 1678 1714 1722; x_wconf 86' lang='lat' dir='ltr'>apparet,</span> 
     </span>
     <span class='ocr_line' id='line_1_23' title="bbox 88 1731 1714 1789; baseline 0.003 -17"><span class='ocrx_word' id='word_1_170' title='bbox 88 1731 123 1772; x_wconf 89' lang='lat' dir='ltr'>si</span> <span class='ocrx_word' id='word_1_171' title='bbox 172 1731 257 1773; x_wconf 87' lang='lat' dir='ltr'>iam</span> <span class='ocrx_word' id='word_1_172' title='bbox 310 1732 487 1774; x_wconf 82' lang='lat' dir='ltr'>vetustis</span> <span class='ocrx_word' id='word_1_173' title='bbox 546 1732 808 1789; x_wconf 85' lang='lat' dir='ltr'>temporibus</span> <span class='ocrx_word' id='word_1_174' title='bbox 862 1732 1195 1774; x_wconf 80' lang='lat' dir='ltr'>Ambrosianam</span> <span class='ocrx_word' id='word_1_175' title='bbox 1253 1733 1543 1776; x_wconf 87' lang='lat' dir='ltr'>recensionem</span> <span class='ocrx_word' id='word_1_176' title='bbox 1600 1735 1714 1778; x_wconf 88' lang='lat' dir='ltr'>haud</span> 
     </span>
     <span class='ocr_line' id='line_1_24' title="bbox 89 1799 1448 1857; baseline 0.001 -17"><span class='ocrx_word' id='word_1_177' title='bbox 89 1799 360 1842; x_wconf 87' lang='lat' dir='ltr'>mediocriter</span> <span class='ocrx_word' id='word_1_178' title='bbox 390 1815 414 1842; x_wconf 88' lang='lat' dir='ltr'>a</span> <span class='ocrx_word' id='word_1_179' title='bbox 444 1801 736 1857; x_wconf 87' lang='lat' dir='ltr'>grammaticis</span> <span class='ocrx_word' id='word_1_180' title='bbox 768 1801 1047 1842; x_wconf 85' lang='lat' dir='ltr'>deformatam</span> <span class='ocrx_word' id='word_1_181' title='bbox 1077 1801 1209 1842; x_wconf 88' lang='lat' dir='ltr'>fuisse</span> <span class='ocrx_word' id='word_1_182' title='bbox 1241 1801 1448 1844; x_wconf 86' lang='lat' dir='ltr'>videmus.</span> 
     </span>
    </p>

    <p class='ocr_par' dir='ltr' id='par_1_5' title="bbox 87 1868 1714 2131">
     <span class='ocr_line' id='line_1_25' title="bbox 200 1868 1714 1925; baseline 0.002 -15"><span class='ocrx_word' id='word_1_183' title='bbox 200 1868 346 1923; x_wconf 88' lang='lat' dir='ltr'>Atque</span> <span class='ocrx_word' id='word_1_184' title='bbox 379 1883 487 1925; x_wconf 89' lang='lat' dir='ltr'>quae</span> <span class='ocrx_word' id='word_1_185' title='bbox 520 1868 570 1909; x_wconf 92' lang='lat' dir='ltr'>de</span> <span class='ocrx_word' id='word_1_186' title='bbox 604 1877 805 1924; x_wconf 87' lang='lat' dir='ltr'>tempore,</span> <span class='ocrx_word' id='word_1_187' title='bbox 837 1883 920 1923; x_wconf 86' lang='lat' dir='ltr'>quo</span> <span class='ocrx_word' id='word_1_188' title='bbox 951 1869 1220 1910; x_wconf 86' lang='lat' dir='ltr'>recensiones</span> <span class='ocrx_word' id='word_1_189' title='bbox 1250 1869 1348 1911; x_wconf 86' lang='lat' dir='ltr'>illae</span> <span class='ocrx_word' id='word_1_190' title='bbox 1376 1871 1595 1913; x_wconf 86' lang='lat' dir='ltr'>institutae</span> <span class='ocrx_word' id='word_1_191' title='bbox 1618 1874 1714 1923; x_wconf 86' lang='lat' dir='ltr'>sint,</span> 
     </span>
     <span class='ocr_line' id='line_1_26' title="bbox 87 1935 1713 1993; baseline 0.003 -16"><span class='ocrx_word' id='word_1_192' title='bbox 87 1935 349 1993; x_wconf 90' lang='lat' dir='ltr'>Leidolphus</span> <span class='ocrx_word' id='word_1_193' title='bbox 387 1937 606 1987; x_wconf 89' lang='lat' dir='ltr'>disseruit,</span> <span class='ocrx_word' id='word_1_194' title='bbox 659 1937 709 1978; x_wconf 89' lang='lat' dir='ltr'>iis</span> <span class='ocrx_word' id='word_1_195' title='bbox 756 1946 800 1978; x_wconf 87' lang='lat' dir='ltr'>ut</span> <span class='ocrx_word' id='word_1_196' title='bbox 833 1937 1005 1979; x_wconf 88' lang='lat' dir='ltr'>incertis</span> <span class='ocrx_word' id='word_1_197' title='bbox 1044 1952 1157 1979; x_wconf 92' lang='lat' dir='ltr'>nunc</span> <span class='ocrx_word' id='word_1_198' title='bbox 1202 1939 1375 1993; x_wconf 88' lang='lat' dir='ltr'>quidem</span> <span class='ocrx_word' id='word_1_199' title='bbox 1414 1940 1580 1982; x_wconf 87' lang='lat' dir='ltr'>omissis</span> <span class='ocrx_word' id='word_1_200' title='bbox 1620 1956 1713 1982; x_wconf 85' lang='lat' dir='ltr'>eam</span> 
     </span>
     <span class='ocr_line' id='line_1_27' title="bbox 87 2005 1713 2065; baseline 0.004 -21"><span class='ocrx_word' id='word_1_201' title='bbox 87 2005 362 2055; x_wconf 89' lang='lat' dir='ltr'>sententiam,</span> <span class='ocrx_word' id='word_1_202' title='bbox 417 2021 545 2060; x_wconf 87' lang='lat' dir='ltr'>quam</span> <span class='ocrx_word' id='word_1_203' title='bbox 599 2006 650 2047; x_wconf 91' lang='lat' dir='ltr'>de</span> <span class='ocrx_word' id='word_1_204' title='bbox 697 2005 948 2048; x_wconf 90' lang='lat' dir='ltr'>auctoritate</span> <span class='ocrx_word' id='word_1_205' title='bbox 995 2014 1035 2047; x_wconf 90' lang='lat' dir='ltr'>et</span> <span class='ocrx_word' id='word_1_206' title='bbox 1078 2007 1215 2061; x_wconf 86' lang='lat' dir='ltr'>pretio</span> <span class='ocrx_word' id='word_1_207' title='bbox 1261 2007 1537 2050; x_wconf 88' lang='lat' dir='ltr'>Ambrosiani</span> <span class='ocrx_word' id='word_1_208' title='bbox 1584 2025 1713 2065; x_wconf 89' lang='lat' dir='ltr'>supra</span> 
     </span>
     <span class='ocr_line' id='line_1_28' title="bbox 87 2072 1101 2131; baseline 0.003 -18"><span class='ocrx_word' id='word_1_209' title='bbox 87 2072 353 2128; x_wconf 88' lang='lat' dir='ltr'>protulimus,</span> <span class='ocrx_word' id='word_1_210' title='bbox 386 2074 593 2130; x_wconf 89' lang='lat' dir='ltr'>exemplis</span> <span class='ocrx_word' id='word_1_211' title='bbox 625 2074 839 2116; x_wconf 88' lang='lat' dir='ltr'>illustrare</span> <span class='ocrx_word' id='word_1_212' title='bbox 870 2074 1101 2131; x_wconf 87' lang='lat' dir='ltr'>pergimus.</span> 
     </span>
    </p>

    <p class='ocr_par' dir='ltr' id='par_1_6' title="bbox 84 2141 1712 2474">
     <span class='ocr_line' id='line_1_29' title="bbox 206 2141 1711 2199; baseline 0.004 -17"><span class='ocrx_word' id='word_1_213' title='bbox 206 2141 311 2182; x_wconf 74' lang='lat' dir='ltr'>Trin.</span> <span class='ocrx_word' id='word_1_214' title='bbox 343 2141 425 2183; x_wconf 77' lang='grc'>252</span> <span class='ocrx_word' id='word_1_215' title='bbox 457 2143 499 2183; x_wconf 91' lang='lat' dir='ltr'>in</span> <span class='ocrx_word' id='word_1_216' title='bbox 532 2143 850 2185; x_wconf 87' lang='lat' dir='ltr'>enumeratione</span> <span class='ocrx_word' id='word_1_217' title='bbox 873 2158 1092 2184; x_wconf 88' lang='lat' dir='ltr'>servorum</span> <span class='ocrx_word' id='word_1_218' title='bbox 1117 2158 1422 2199; x_wconf 87' lang='lat' dir='ltr'>servarumque</span> <span class='ocrx_word' id='word_1_219' title='bbox 1445 2146 1711 2188; x_wconf 86' lang='lat' dir='ltr'>recensiones</span> 
     </span>
     <span class='ocr_line' id='line_1_30' title="bbox 85 2209 1710 2268; baseline 0.004 -18"><span class='ocrx_word' id='word_1_220' title='bbox 85 2209 145 2250; x_wconf 90' lang='lat' dir='ltr'>ita</span> <span class='ocrx_word' id='word_1_221' title='bbox 196 2209 459 2266; x_wconf 84' lang='lat' dir='ltr'>discrepant,</span> <span class='ocrx_word' id='word_1_222' title='bbox 520 2223 565 2253; x_wconf 89' lang='lat' dir='ltr'>ut</span> <span class='ocrx_word' id='word_1_223' title='bbox 610 2211 654 2253; x_wconf 91' lang='lat' dir='ltr'>A</span> <span class='ocrx_word' id='word_1_224' title='bbox 703 2214 906 2268; x_wconf 75' lang='lat' dir='ltr'>vestispz&#39;ca</span> <span class='ocrx_word' id='word_1_225' title='bbox 952 2212 1147 2267; x_wconf 80' lang='lat' dir='ltr'>(eiusque</span> <span class='ocrx_word' id='word_1_226' title='bbox 1198 2213 1488 2255; x_wconf 87' lang='lat' dir='ltr'>recensionem</span> <span class='ocrx_word' id='word_1_227' title='bbox 1543 2227 1710 2256; x_wconf 87' lang='lat' dir='ltr'>secutus</span> 
     </span>
     <span class='ocr_line' id='line_1_31' title="bbox 84 2275 1709 2337; baseline 0.004 -18"><span class='ocrx_word' id='word_1_228' title='bbox 84 2275 253 2320; x_wconf 90' lang='lat' dir='ltr'>Nonius</span> <span class='ocrx_word' id='word_1_229' title='bbox 284 2293 324 2334; x_wconf 92' lang='lat' dir='ltr'>p.</span> <span class='ocrx_word' id='word_1_230' title='bbox 374 2279 441 2332; x_wconf 82' lang='lat'>12,</span> <span class='ocrx_word' id='word_1_231' title='bbox 477 2280 528 2321; x_wconf 83' lang='lat'>18</span> <span class='ocrx_word' id='word_1_232' title='bbox 573 2281 804 2336; x_wconf 64' lang='lat' dir='ltr'>vestispz&#39;ez),</span> <span class='ocrx_word' id='word_1_233' title='bbox 856 2279 889 2320; x_wconf 92' lang='grc' dir='ltr'>Ρ</span> <span class='ocrx_word' id='word_1_234' title='bbox 936 2281 1132 2336; x_wconf 74' lang='lat' dir='ltr'>vestiplice</span> <span class='ocrx_word' id='word_1_235' title='bbox 1174 2281 1357 2324; x_wconf 88' lang='lat' dir='ltr'>tradant.</span> <span class='ocrx_word' id='word_1_236' title='bbox 1433 2291 1561 2337; x_wconf 87' lang='lat' dir='ltr'>atque</span> <span class='ocrx_word' id='word_1_237' title='bbox 1609 2298 1709 2325; x_wconf 76' lang='lat' dir='ltr'>voce</span> 
     </span>
     <span class='ocr_line' id='line_1_32' title="bbox 86 2346 1710 2406; baseline 0.004 -20"><span class='ocrx_word' id='word_1_238' title='bbox 86 2347 292 2401; x_wconf 78' lang='lat' dir='ltr'>vestispz&#39;ca</span> <span class='ocrx_word' id='word_1_239' title='bbox 322 2346 490 2390; x_wconf 86' lang='lat' dir='ltr'>Nonius</span> <span class='ocrx_word' id='word_1_240' title='bbox 521 2362 621 2389; x_wconf 86' lang='lat' dir='ltr'>usos</span> <span class='ocrx_word' id='word_1_241' title='bbox 652 2363 744 2390; x_wconf 90' lang='lat' dir='ltr'>esse</span> <span class='ocrx_word' id='word_1_242' title='bbox 775 2356 919 2389; x_wconf 86' lang='lat' dir='ltr'>narrat</span> <span class='ocrx_word' id='word_1_243' title='bbox 948 2349 1179 2390; x_wconf 88' lang='lat' dir='ltr'>Afranium</span> <span class='ocrx_word' id='word_1_244' title='bbox 1211 2357 1251 2390; x_wconf 90' lang='lat' dir='ltr'>et</span> <span class='ocrx_word' id='word_1_245' title='bbox 1279 2349 1540 2401; x_wconf 83' lang='lat' dir='ltr'>Varronem3</span> <span class='ocrx_word' id='word_1_246' title='bbox 1574 2366 1710 2406; x_wconf 85' lang='lat' dir='ltr'>neque</span> 
     </span>
     <span class='ocr_line' id='line_1_33' title="bbox 87 2414 1712 2474; baseline 0.004 -19"><span class='ocrx_word' id='word_1_247' title='bbox 87 2414 201 2469; x_wconf 92' lang='lat' dir='ltr'>quod</span> <span class='ocrx_word' id='word_1_248' title='bbox 217 2415 349 2456; x_wconf 90' lang='lat' dir='ltr'>sciam</span> <span class='ocrx_word' id='word_1_249' title='bbox 366 2423 587 2471; x_wconf 89' lang='lat' dir='ltr'>praeterea</span> <span class='ocrx_word' id='word_1_250' title='bbox 603 2416 647 2457; x_wconf 92' lang='lat' dir='ltr'>in</span> <span class='ocrx_word' id='word_1_251' title='bbox 664 2416 814 2458; x_wconf 90' lang='lat' dir='ltr'>litteris</span> <span class='ocrx_word' id='word_1_252' title='bbox 831 2416 1058 2459; x_wconf 89' lang='lat' dir='ltr'>invenitur.</span> <span class='ocrx_word' id='word_1_253' title='bbox 1092 2418 1207 2459; x_wconf 89' lang='lat' dir='ltr'>vocis</span> <span class='ocrx_word' id='word_1_254' title='bbox 1224 2419 1425 2474; x_wconf 73' lang='lat' dir='ltr'>vestiplz&#39;ca</span> <span class='ocrx_word' id='word_1_255' title='bbox 1441 2419 1547 2461; x_wconf 91' lang='lat' dir='ltr'>haec</span> <span class='ocrx_word' id='word_1_256' title='bbox 1565 2428 1712 2461; x_wconf 79' lang='lat' dir='ltr'>extant</span> 
     </span>
    </p>
   </div>
   <div class='ocr_carea' id='block_1_3' title="bbox 84 2482 1710 2679">
    <p class='ocr_par' dir='ltr' id='par_1_7' title="bbox 84 2482 1710 2679">
     <span class='ocr_line' id='line_1_34' title="bbox 85 2482 1710 2544; baseline 0.004 -21"><span class='ocrx_word' id='word_1_257' title='bbox 85 2482 344 2525; x_wconf 89' lang='lat' dir='ltr'>testimonia:</span> <span class='ocrx_word' id='word_1_258' title='bbox 398 2483 577 2538; x_wconf 76' lang='lat' dir='ltr'>Quintil.</span> <span class='ocrx_word' id='word_1_259' title='bbox 623 2486 788 2526; x_wconf 70' lang='lat' dir='ltr'>declam.</span> <span class='ocrx_word' id='word_1_260' title='bbox 828 2485 923 2526; x_wconf 86' lang='lat'>363.</span> <span class='ocrx_word' id='word_1_261' title='bbox 969 2486 1017 2528; x_wconf 81' lang='lat' dir='ltr'>C.</span> <span class='ocrx_word' id='word_1_262' title='bbox 1056 2485 1090 2529; x_wconf 91' lang='lat' dir='ltr'>I.</span> <span class='ocrx_word' id='word_1_263' title='bbox 1130 2486 1180 2527; x_wconf 90' lang='lat' dir='ltr'>L.</span> <span class='ocrx_word' id='word_1_264' title='bbox 1213 2486 1280 2530; x_wconf 95' lang='lat' dir='ltr'>VI</span> <span class='ocrx_word' id='word_1_265' title='bbox 1316 2487 1440 2529; x_wconf 78' lang='lat'>9901.</span> <span class='ocrx_word' id='word_1_266' title='bbox 1481 2487 1555 2529; x_wconf 86' lang='lat' dir='ltr'>IX</span> <span class='ocrx_word' id='word_1_267' title='bbox 1586 2487 1710 2544; x_wconf 78' lang='lat'>3318.</span> 
     </span>
     <span class='ocr_line' id='line_1_35' title="bbox 84 2551 1709 2612; baseline 0.004 -20"><span class='ocrx_word' id='word_1_268' title='bbox 84 2551 303 2608; x_wconf 71' lang='lat' dir='ltr'>vestiplicus</span> <span class='ocrx_word' id='word_1_269' title='bbox 344 2551 503 2607; x_wconf 88' lang='lat' dir='ltr'>legitur</span> <span class='ocrx_word' id='word_1_270' title='bbox 554 2551 601 2594; x_wconf 86' lang='lat' dir='ltr'>C.</span> <span class='ocrx_word' id='word_1_271' title='bbox 637 2552 673 2594; x_wconf 87' lang='lat' dir='ltr'>I.</span> <span class='ocrx_word' id='word_1_272' title='bbox 718 2552 766 2597; x_wconf 90' lang='lat' dir='ltr'>L.</span> <span class='ocrx_word' id='word_1_273' title='bbox 809 2553 873 2596; x_wconf 90' lang='lat' dir='ltr'>VI</span> <span class='ocrx_word' id='word_1_274' title='bbox 924 2553 1048 2598; x_wconf 83' lang='grc'>9981.</span> <span class='ocrx_word' id='word_1_275' title='bbox 1100 2555 1222 2596; x_wconf 81' lang='lat'>7301.</span> <span class='ocrx_word' id='word_1_276' title='bbox 1268 2557 1470 2612; x_wconf 73' lang='lat' dir='ltr'>vestispica</span> <span class='ocrx_word' id='word_1_277' title='bbox 1508 2555 1555 2598; x_wconf 83' lang='lat' dir='ltr'>C.</span> <span class='ocrx_word' id='word_1_278' title='bbox 1595 2556 1630 2599; x_wconf 84' lang='lat' dir='ltr'>I.</span> <span class='ocrx_word' id='word_1_279' title='bbox 1660 2556 1709 2600; x_wconf 89' lang='lat' dir='ltr'>L.</span> 
     </span>
     <span class='ocr_line' id='line_1_36' title="bbox 86 2618 1708 2679; baseline 0.004 -19"><span class='ocrx_word' id='word_1_280' title='bbox 86 2618 150 2661; x_wconf 81' lang='lat' dir='ltr'>VI</span> <span class='ocrx_word' id='word_1_281' title='bbox 181 2619 304 2661; x_wconf 89' lang='grc'>9912.</span> <span class='ocrx_word' id='word_1_282' title='bbox 371 2635 496 2676; x_wconf 91' lang='lat' dir='ltr'>porro</span> <span class='ocrx_word' id='word_1_283' title='bbox 540 2629 658 2662; x_wconf 83' lang='lat' dir='ltr'>extat</span> <span class='ocrx_word' id='word_1_284' title='bbox 694 2621 856 2678; x_wconf 86' lang='lat' dir='ltr'>glossa:</span> <span class='ocrx_word' id='word_1_285' title='bbox 906 2622 1160 2678; x_wconf 88' lang='lat' dir='ltr'>‚vestiplica,</span> <span class='ocrx_word' id='word_1_286' title='bbox 1206 2624 1385 2674; x_wconf 89' lang='lat' dir='ltr'>femina,</span> <span class='ocrx_word' id='word_1_287' title='bbox 1433 2640 1541 2679; x_wconf 87' lang='lat' dir='ltr'>quae</span> <span class='ocrx_word' id='word_1_288' title='bbox 1570 2632 1708 2666; x_wconf 84' lang='lat' dir='ltr'>vestes</span> 
     </span>
    </p>
   </div>
   <div class='ocr_carea' id='block_1_4' title="bbox 84 2701 291 2708">
    <p class='ocr_par' dir='ltr' id='par_1_8' title="bbox 84 2701 291 2708">
     <span class='ocr_line' id='line_1_37' title="bbox 84 2701 291 2708; baseline 0 0"><span class='ocrx_word' id='word_1_289' title='bbox 84 2701 291 2708; x_wconf 95' lang='lat' dir='ltr'> </span> 
     </span>
    </p>
   </div>
   <div class='ocr_carea' id='block_1_5' title="bbox 83 2743 1708 3013">
    <p class='ocr_par' dir='ltr' id='par_1_9' title="bbox 83 2743 1708 3013">
     <span class='ocr_line' id='line_1_38' title="bbox 84 2743 1708 2793; baseline 0.003 -15"><span class='ocrx_word' id='word_1_290' title='bbox 84 2743 236 2778; x_wconf 74' lang='lat' dir='ltr'>Festum</span> <span class='ocrx_word' id='word_1_291' title='bbox 266 2747 377 2778; x_wconf 82' lang='lat' dir='ltr'>extat.</span> <span class='ocrx_word' id='word_1_292' title='bbox 427 2757 582 2789; x_wconf 87' lang='lat' dir='ltr'>quorum</span> <span class='ocrx_word' id='word_1_293' title='bbox 612 2745 707 2780; x_wconf 80' lang='lat' dir='ltr'>alter</span> <span class='ocrx_word' id='word_1_294' title='bbox 737 2756 883 2780; x_wconf 84' lang='lat' dir='ltr'>versum</span> <span class='ocrx_word' id='word_1_295' title='bbox 916 2746 1147 2782; x_wconf 83' lang='lat' dir='ltr'>Cistellariae</span> <span class='ocrx_word' id='word_1_296' title='bbox 1181 2748 1359 2783; x_wconf 88' lang='lat' dir='ltr'>exhibens</span> <span class='ocrx_word' id='word_1_297' title='bbox 1386 2748 1505 2790; x_wconf 82' lang='lat' dir='ltr'>(Paul.</span> <span class='ocrx_word' id='word_1_298' title='bbox 1529 2761 1565 2793; x_wconf 90' lang='lat' dir='ltr'>p.</span> <span class='ocrx_word' id='word_1_299' title='bbox 1589 2749 1647 2792; x_wconf 73' lang='lat'>52)</span> <span class='ocrx_word' id='word_1_300' title='bbox 1671 2750 1708 2783; x_wconf 89' lang='lat' dir='ltr'>in</span> 
     </span>
     <span class='ocr_line' id='line_1_39' title="bbox 83 2800 1708 2849; baseline 0.002 -15"><span class='ocrx_word' id='word_1_301' title='bbox 83 2800 221 2835; x_wconf 82' lang='lat' dir='ltr'>nostris</span> <span class='ocrx_word' id='word_1_302' title='bbox 246 2800 434 2836; x_wconf 87' lang='lat' dir='ltr'>codicibus</span> <span class='ocrx_word' id='word_1_303' title='bbox 459 2801 609 2836; x_wconf 76' lang='lat' dir='ltr'>omnino</span> <span class='ocrx_word' id='word_1_304' title='bbox 634 2802 748 2845; x_wconf 82' lang='lat' dir='ltr'>deest,</span> <span class='ocrx_word' id='word_1_305' title='bbox 780 2803 873 2837; x_wconf 84' lang='lat' dir='ltr'>alter</span> <span class='ocrx_word' id='word_1_306' title='bbox 905 2804 1036 2847; x_wconf 76' lang='lat' dir='ltr'>(Aulul.</span> <span class='ocrx_word' id='word_1_307' title='bbox 1054 2805 1133 2847; x_wconf 74' lang='lat'>555)</span> <span class='ocrx_word' id='word_1_308' title='bbox 1160 2804 1370 2838; x_wconf 87' lang='lat' dir='ltr'>simillimus</span> <span class='ocrx_word' id='word_1_309' title='bbox 1397 2808 1451 2840; x_wconf 85' lang='lat' dir='ltr'>est</span> <span class='ocrx_word' id='word_1_310' title='bbox 1475 2805 1566 2839; x_wconf 85' lang='lat' dir='ltr'>locis</span> <span class='ocrx_word' id='word_1_311' title='bbox 1600 2817 1708 2849; x_wconf 82' lang='lat' dir='ltr'>supra</span> 
     </span>
     <span class='ocr_line' id='line_1_40' title="bbox 83 2857 1706 2906; baseline 0.002 -16"><span class='ocrx_word' id='word_1_312' title='bbox 83 2857 265 2891; x_wconf 77' lang='lat' dir='ltr'>tractatis.</span> <span class='ocrx_word' id='word_1_313' title='bbox 312 2857 450 2892; x_wconf 80' lang='lat' dir='ltr'>habent</span> <span class='ocrx_word' id='word_1_314' title='bbox 488 2858 586 2892; x_wconf 90' lang='lat' dir='ltr'>enim</span> <span class='ocrx_word' id='word_1_315' title='bbox 624 2858 655 2893; x_wconf 88' lang='lat' dir='ltr'>P</span> <span class='ocrx_word' id='word_1_316' title='bbox 689 2862 727 2894; x_wconf 81' lang='lat' dir='ltr'>et</span> <span class='ocrx_word' id='word_1_317' title='bbox 758 2858 864 2893; x_wconf 89' lang='lat' dir='ltr'>Paul.</span> <span class='ocrx_word' id='word_1_318' title='bbox 903 2871 938 2904; x_wconf 88' lang='lat' dir='ltr'>p.</span> <span class='ocrx_word' id='word_1_319' title='bbox 971 2861 1014 2895; x_wconf 81' lang='lat'>28</span> <span class='ocrx_word' id='word_1_320' title='bbox 1048 2861 1200 2903; x_wconf 79' lang='lat' dir='ltr'>oculeus,</span> <span class='ocrx_word' id='word_1_321' title='bbox 1233 2861 1330 2895; x_wconf 83' lang='lat' dir='ltr'>Fest.</span> <span class='ocrx_word' id='word_1_322' title='bbox 1363 2873 1397 2906; x_wconf 89' lang='lat' dir='ltr'>p.</span> <span class='ocrx_word' id='word_1_323' title='bbox 1425 2862 1489 2896; x_wconf 82' lang='lat'>178</span> <span class='ocrx_word' id='word_1_324' title='bbox 1525 2862 1706 2901; x_wconf 77' lang='lat' dir='ltr'>oculatum,</span> 
     </span>
     <span class='ocr_line' id='line_1_41' title="bbox 83 2913 1708 2963; baseline 0.003 -16"><span class='ocrx_word' id='word_1_325' title='bbox 83 2913 181 2948; x_wconf 85' lang='lat' dir='ltr'>unde</span> <span class='ocrx_word' id='word_1_326' title='bbox 207 2913 434 2959; x_wconf 86' lang='lat' dir='ltr'>Leidolphus</span> <span class='ocrx_word' id='word_1_327' title='bbox 465 2915 546 2949; x_wconf 89' lang='lat' dir='ltr'>iure</span> <span class='ocrx_word' id='word_1_328' title='bbox 572 2915 792 2950; x_wconf 86' lang='lat' dir='ltr'>concludere</span> <span class='ocrx_word' id='word_1_329' title='bbox 816 2915 975 2959; x_wconf 83' lang='lat' dir='ltr'>videtur,</span> <span class='ocrx_word' id='word_1_330' title='bbox 1008 2917 1046 2951; x_wconf 87' lang='lat' dir='ltr'>in</span> <span class='ocrx_word' id='word_1_331' title='bbox 1070 2919 1104 2952; x_wconf 90' lang='lat' dir='ltr'>A</span> <span class='ocrx_word' id='word_1_332' title='bbox 1129 2928 1283 2962; x_wconf 90' lang='lat' dir='ltr'>quoque,</span> <span class='ocrx_word' id='word_1_333' title='bbox 1308 2918 1346 2952; x_wconf 88' lang='lat' dir='ltr'>in</span> <span class='ocrx_word' id='word_1_334' title='bbox 1371 2929 1441 2963; x_wconf 84' lang='lat' dir='ltr'>quo</span> <span class='ocrx_word' id='word_1_335' title='bbox 1466 2920 1624 2952; x_wconf 74' lang='lat' dir='ltr'>aetatem</span> <span class='ocrx_word' id='word_1_336' title='bbox 1649 2918 1708 2953; x_wconf 89' lang='lat' dir='ltr'>hic</span> 
     </span>
     <span class='ocr_line' id='line_1_42' title="bbox 83 2968 746 3013; baseline 0.002 -10"><span class='ocrx_word' id='word_1_337' title='bbox 83 2968 184 3005; x_wconf 83' lang='lat' dir='ltr'>locus</span> <span class='ocrx_word' id='word_1_338' title='bbox 209 2981 281 3005; x_wconf 91' lang='lat' dir='ltr'>non</span> <span class='ocrx_word' id='word_1_339' title='bbox 307 2970 406 3013; x_wconf 76' lang='lat' dir='ltr'>tulit,</span> <span class='ocrx_word' id='word_1_340' title='bbox 429 2970 541 3005; x_wconf 85' lang='lat' dir='ltr'>fuisse</span> <span class='ocrx_word' id='word_1_341' title='bbox 566 2972 746 3006; x_wconf 78' lang='lat' dir='ltr'>oculatum.</span> 
     </span>
    </p>
   </div>
  </div>
 </body>
</html>
