2020 3278
1022 134 1076 176 46

236 273 463 328 Niemeyer
501 288 540 328 p.
574 273 647 312 ι’)ἷίε
709 273 955 319 ‚im-olmnem
991 287 1042 313 ex
1081 272 1218 327 spatio
1257 271 1516 312 interlineari
1566 271 1766 326 inrepsit3
1813 270 1866 312 cf.

236 341 427 382 Labbaei
461 348 501 381 ct
524 341 680 383 Isidori
714 341 907 395 glossas.‘
955 340 1028 381 sed
1062 348 1097 381 te
1129 354 1298 396 quoque
1331 353 1433 380 casu
1467 340 1646 380 eiectum
1671 354 1760 380 esse
1785 354 1869 380 non

238 409 363 450 facile
396 409 590 459 cre<lam3
623 409 753 449 innuo
787 409 954 450 videtur
988 409 1109 449 metri
1141 408 1280 463 gratia
1313 415 1522 449 remotum
1554 422 1657 450 esse.

346 477 477 518 Addo
496 487 658 519 ceteros
677 477 970 534 locos,quibus
989 489 1058 518 aut
1079 477 1327 532 glossatoris
1346 477 1553 518 industria
1572 485 1643 517 aut
1662 475 1868 526 recensio,

236 562 321 601 qua
354 546 485 587 verba
517 546 686 587 novicia
717 546 758 586 in
793 546 932 587 locum
965 546 1253 587 obsoletorum
1288 545 1591 595 inferebantur,
1640 544 1868 586 statuenda

235 624 320 666 est;
351 616 403 656 cf.
437 614 721 670 Niemeyerus
754 630 794 670 p.
826 614 891 657 434.

346 685 456 724 Pers.
495 684 578 725 408
641 685 766 724 intare
813 683 858 732 P,
905 685 1066 739 periure
1107 682 1169 732 A3
1223 681 1508 737 Niemeyerus
1554 682 1614 736 (p.
1653 680 1728 737 48)
1770 680 1871 721 citat

235 753 424 809 glossam
444 751 570 794 Verri
594 751 741 792 Flacci
763 753 950 798 inimum,
971 753 1190 807 periurum,
1210 751 1263 791 ad
1285 751 1415 791 alium
1434 751 1572 791 locum
1592 757 1868 805 spectantem.

348 821 494 861 Pseud.
527 820 610 861 700
655 820 869 875 gyraphz'cns
909 819 957 869 P,
1012 821 1129 859 scitus
1161 820 1219 867 A,
1267 825 1311 859 ut
1351 817 1589 859 Ritschelio
1630 816 1870 859 videbatur.

350 890 468 930 Most.
503 888 584 928 765
623 889 692 928 sub
725 889 796 928 diu
827 887 877 937 P,
915 889 985 928 sul)
1016 889 1094 928 sole
1127 888 1177 937 A,
1218 889 1394 928 fortasse
1427 902 1481 929 ex
1514 903 1552 927 v.
1585 886 1680 928 767.

360 957 471 998 Truc.
506 972 543 999 v.
575 956 658 997 310
690 972 753 1011 sq.
787 956 1024 999 Schocllius
1057 956 1117 997 sic
1151 955 1302 997 edidit:

351 1025 434 1067 309
1208 1039 1291 1065 non
1326 1024 1438 1065 enim
1472 1023 1558 1065 illic
1589 1023 1871 1066 meretriculis

348 1094 432 1135 310
462 1093 801 1135 Moeniendis
833 1109 922 1135 rem
954 1093 1104 1148 coegit,
1139 1107 1285 1133 verum
1320 1092 1579 1149 parsimonia

349 1163 429 1206 311
464 1163 734 1219 Duritiaque,
753 1177 886 1217 quae
904 1177 1015 1203 nunc
1030 1161 1084 1202 ad
1097 1176 1169 1202 vos
1181 1161 1290 1202 clam
1308 1168 1612 1217 exportatur,
1633 1175 1871 1216 pessumae.

351 1231 433 1273 312
467 1231 555 1275 Vos
588 1247 696 1273 eam
729 1231 899 1281 exestis,
933 1230 1242 1287 exunguimini,
1276 1229 1497 1271 exbibitis:
1531 1245 1566 1271 e.
1599 1245 1639 1284 q.
1673 1245 1705 1271 s.

235 1301 319 1342 310
350 1301 569 1341 moniendis
599 1300 657 1350 P;
690 1302 951 1341 munerandis
983 1300 1027 1341 A
1058 1314 1110 1340 ex
1143 1299 1410 1349 recensi0ne3
1450 1313 1587 1353 neque
1621 1299 1662 1340 in
1695 1313 1873 1354 sequen-

240 1370 353 1411 tibus
408 1368 603 1410 versibus
656 1369 908 1410 correctoris
956 1369 1068 1409 mala
1119 1367 1323 1408 sedulitas
1372 1383 1455 1408 non
1501 1366 1871 1409 animadvertitur.

237 1439 437 1481 Kochius
478 1438 590 1479 enim
630 1439 670 1479 in
705 1438 976 1480 Fleckeiseni
1016 1438 1151 1477 annal.
1185 1436 1264 1479 CV
1297 1452 1336 1493 p.
1369 1435 1452 1477 366
1491 1435 1799 1478 demonstravit
1831 1436 1873 1477 in

237 1507 274 1549 Ρ
306 1507 437 1548 verba
469 1522 570 1563 quae
594 1533 642 1536 -—
669 1514 900 1562 emportatur
922 1514 962 1547 et
983 1521 1071 1546 eam
1104 1505 1236 1560 (quod
1269 1505 1371 1546 latet
1404 1506 1445 1545 in
1479 1507 1558 1559 em)
1593 1521 1654 1546 vos
1693 1507 1875 1558 [eoelestz's

238 1576 344 1618 bene
375 1576 523 1617 referri
556 1575 611 1616 ad
642 1591 724 1616 rem
756 1575 889 1631 (310).
943 1589 1070 1628 quem
1104 1589 1314 1615 conexum
1349 1573 1473 1615 solvit
1497 1573 1569 1628 qui
1593 1573 1872 1615 Ambrosiani

238 1646 522 1701 archetypum
555 1645 764 1686 recensuit
798 1643 878 1684 hac
910 1643 1122 1700 scriptura
1155 1643 1346 1684 invecta:
1380 1658 1481 1699 qnae
1514 1668 1563 1673 —
1598 1651 1872 1699 exportantur,

238 1722 280 1755 et
311 1729 357 1755 ea
388 1729 452 1754 vos
483 1715 582 1756 estis

351 1782 478 1838 Epid.
512 1781 593 1823 658

295 1850 359 1891 A:
391 1849 477 1892 Sed
508 1855 735 1898 memento,
769 1848 802 1889 si
835 1848 937 1903 quid
970 1863 1041 1890 sae
1055 1848 1188 1890 uiuit
1220 1862 1367 1890 senex

387 1918 618 1974 Suppetias
651 1917 753 1957 mihi
787 1917 913 1959 ferre.

238 1987 294 2029 P:
326 1987 564 2028 saeuiunt
594 2000 742 2028 senes
797 1986 957 2026 saevivit
987 1984 1093 2025 nihil
1125 2000 1215 2026 esse
1248 1985 1327 2026 nisi
1359 1985 1522 2026 saevibz‘t
1553 1991 1594 2025 et
1623 1984 1666 2025 in
1689 1986 1870 2026 saeuiunt

237 2057 368 2098 latere
401 2057 609 2096 mentuunt
641 2054 665 2096 i.
698 2070 733 2095 e.
765 2055 982 2104 saevibunt,
1015 2053 1129 2109 quod
1162 2062 1296 2095 metro
1327 2054 1580 2108 postulatur,
1613 2053 1738 2095 facile
1775 2068 1871 2096 con-

239 2126 426 2167 cedetur.
502 2124 645 2179 itaque
702 2130 879 2178 apparet
933 2129 1213 2163 correctorem
1261 2121 1534 2163 Ambrosiani
1582 2121 1873 2178 Periphanem

239 2201 417 2243 tantum,
451 2192 671 2234 dominum
705 2191 817 2233 servi
848 2197 889 2232 et
912 2198 1075 2247 patrem
1097 2190 1410 2246 Stratippoclis‚
1443 2190 1696 2245 respexisse,
1729 2190 1873 2232 imme-

239 2277 398 2304 morem
431 2260 553 2302 illum
592 2275 740 2301 versus
773 2259 855 2300 612
888 2266 929 2300 et
959 2259 1053 2301 613.
1116 2258 1419 2315 ‚Periphanem
1460 2273 1598 2301 emere
1638 2259 1728 2300 lora
1770 2258 1872 2300 vidi.

240 2330 298 2372 ibi
331 2330 479 2371 aderat
510 2344 595 2370 una
617 2328 858 2384 Apoecides
883 2358 1061 2371 .....
1094 2335 1329 2377 senserunt,
1362 2328 1527 2381 sciunt‘,
1562 2342 1597 2369 e.
1621 2343 1659 2382 q.
1683 2343 1714 2368 s.
1761 2327 1871 2368 falso

239 2399 372 2454 igitur
403 2397 665 2452 singularem
699 2411 922 2438 numerum
955 2402 995 2436 et
1017 2396 1286 2437 substantivo
1311 2404 1351 2437 et
1375 2395 1503 2437 verbo
1527 2395 1680 2436 intulit.
1734 2395 1874 2436 Luch-

239 2467 325 2509 sius
357 2466 663 2522 (Studemundi
695 2467 798 2506 stud.
832 2465 913 2521 Ip.
937 2464 1024 2517 52),
1058 2466 1130 2520 qui
1164 2466 1206 2505 in
1239 2465 1486 2506 universum
1520 2464 1682 2519 primus
1715 2464 1766 2505 de
1793 2463 1873 2504 hoc

239 2536 332 2577 loco
371 2542 483 2576 recte
523 2534 746 2583 iudicavit,
788 2548 904 2574 senem
943 2548 1045 2574 casu
1079 2542 1217 2574 ortum
1251 2548 1341 2574 esse
1376 2540 1543 2582 censet,
1584 2540 1629 2573 ut
1661 2532 1702 2574 V
1739 2535 1773 2581 1,
1809 2533 1873 2584 10,

242 2619 383 2645 errore
416 2611 556 2644 autem
589 2603 796 2658 gliscente
833 2608 980 2658 postea
1010 2602 1171 2642 saevibit
1203 2601 1409 2656 scriptum
1443 2615 1546 2642 esse.
1605 2608 1647 2641 at
1679 2600 1720 2643 V
1754 2601 1789 2651 1,
1824 2600 1876 2641 10

241 2693 298 2708 =
333 2672 415 2712 616
453 2671 496 2711 in
538 2670 581 2711 A
618 2686 723 2711 senes
769 2678 885 2712 extat
934 2669 1105 2711 Loewio
1153 2679 1346 2722 auctore,
1392 2669 1682 2710 recensionem
1730 2675 1874 2710 autem

243 2741 383 2797 arguit
415 2748 687 2794 comparatus
721 2753 817 2780 cum
852 2740 929 2779 hoc
960 2739 1079 2779 locus
1119 2739 1230 2779 Tmo.
1263 2738 1502 2781 310—312.

358 2809 486 2864 Epid.
519 2808 617 2857 517,
649 2807 723 2849 ubi
755 2807 792 2848 P
824 2807 984 2848 habent

517 2875 632 2929 Quid
664 2876 806 2918 nunc?
869 2876 942 2931 qui
972 2875 1015 2915 in
1048 2875 1174 2916 tantis
1195 2875 1366 2930 ,positus
1406 2889 1511 2916 sum
1551 2874 1783 2927 sententiis,
1819 2905 1827 2914 .
1864 2905 1873 2914 .

515 2944 574 2985 Ei
608 2944 667 2984 sic
699 2943 799 2984 data
831 2957 921 2983 esse
956 2943 1088 2984 verba
1121 2943 1335 2999 praesenti
1369 2943 1510 2999 palam
1524 2944 1544 2986 Ῥ
