2020 3278
1061 141 1140 184 132

285 285 531 328 claudicans
574 281 728 338 prodit.
775 280 905 322 nihilo
946 280 1084 321 minus
1116 278 1320 319 adsentiri
1354 292 1437 318 non
1470 291 1642 332 possum
1674 275 1854 319 Goetzio
1885 277 1909 320 l.

287 370 322 395 c.
363 369 402 409 p.
441 352 543 402 236,
591 351 663 406 qui
704 350 777 390 hos
818 364 963 390 versus
1004 350 1158 389 misera
1203 347 1554 401 interpolatorum
1601 346 1774 387 inventa
1819 360 1911 388 esse

287 429 451 472 censet3
497 435 576 475 ego
618 418 788 473 quidem
829 416 1000 457 saeculo
1040 416 1219 471 septimo
1256 429 1326 456 eos
1365 413 1417 455 ob
1464 414 1658 456 notitiam
1707 415 1912 457 sermonis

288 490 438 532 comici
476 487 795 543 adsignaverim
837 485 1088 540 effictosque
1121 483 1360 540 putaverim
1393 483 1435 523 in
1467 483 1631 525 iteratis
1663 482 1913 527 actionibus.

401 558 555 599 Eidem
602 558 782 596 fortasse
833 555 995 595 auctori
1037 552 1214 594 debetur
1253 566 1420 603 versus,
1469 552 1541 608 qui
1582 566 1713 607 prope
1746 552 1798 594 ab
1832 551 1912 594 hoc

287 628 380 668 loco
414 626 456 666 in
487 625 524 666 P
556 624 713 678 legitur
744 633 841 677 post
872 622 952 665 507
985 620 1283 677 interpolatus:

400 695 480 737 507
516 693 624 735 Nam
658 692 742 732 iam
777 690 948 731 domum
981 689 1050 731 ibo
1081 696 1210 746 atque
1242 689 1405 743 aliquid
1437 688 1663 744 surripiam
1696 690 1820 746 patri.

402 763 504 803 507³
534 761 586 801 Id
621 760 688 801 isti
721 759 845 800 dabo.
879 773 958 814 ego
991 759 1128 798 istanc
1162 757 1304 798 multis
1337 757 1519 798 ulciscar
1551 757 1697 801 modis.

401 829 675 886 Integrorum
717 842 918 868 versuum
960 841 1012 867 ex
1045 826 1366 881 exemplaribus
1405 825 1592 867 histricis
1623 826 1913 869 derivatorum

289 914 443 955 agmen
477 898 649 940 claudat
680 898 802 938 Mero.
835 895 980 949 555¹)
1013 895 1053 935 in
1086 894 1168 935 ΑΡ
1199 894 1268 935 hic
1301 909 1451 936 versus
1483 901 1619 935 extat:

401 966 530 1008 Nunc
561 974 701 1008 tamen
725 965 885 1006 interea
917 963 971 1004 ad
1005 978 1069 1005 me
1101 966 1181 1005 huc
1213 963 1397 1004 invisam
1430 963 1627 1018 domum3

289 1052 416 1092 quom
449 1036 490 1076 in
514 1035 551 1077 P
574 1034 644 1075 hic
675 1034 888 1088 sequitur:

402 1104 574 1145 Interea
597 1110 737 1144 tamen
761 1103 845 1143 huc
876 1101 988 1142 intro
1020 1100 1073 1141 ad
1104 1113 1172 1141 me
1203 1099 1387 1142 invisam
1421 1100 1608 1141 domum.

290 1173 442 1231 prioris
458 1173 591 1227 igitur
608 1185 755 1212 versus
773 1170 815 1210 in
838 1169 875 1210 P
899 1169 1128 1225 gemellam
1146 1168 1353 1210 habemus
1375 1169 1558 1209 formam
1582 1169 1697 1224 paris
1715 1185 1812 1213 cum
1829 1171 1916 1222 illo,

289 1243 323 1283 si
346 1241 476 1284 verba
495 1241 583 1281 sola
602 1246 859 1295 spectamus,
877 1238 1015 1293 pretii.
1040 1238 1100 1279 sic
1120 1252 1218 1279 vero
1234 1251 1319 1278 non
1335 1237 1529 1278 luserunt
1543 1239 1825 1293 grammatici,
1843 1240 1918 1281 sed

291 1319 352 1352 est
377 1311 481 1350 haec
513 1308 739 1349 diversitas
761 1308 923 1348 formae
956 1321 1008 1347 ex
1033 1321 1082 1347 eo
1112 1320 1284 1362 genere,
1317 1305 1464 1362 quales
1486 1305 1528 1346 in
1559 1305 1715 1348 fabulis
1739 1308 1917 1363 agendis

291 1380 414 1434 quasi
438 1384 589 1433 suapte
615 1383 766 1432 sponte
798 1375 1010 1430 prodeunt
1033 1374 1275 1428 sensimque
1307 1374 1349 1415 in
1383 1375 1476 1431 ipsa
1500 1374 1744 1417 fabularum
1776 1391 1915 1419 exem-

287 1447 426 1503 plaria
456 1452 643 1502 serpunt.
677 1444 728 1488 cf.
759 1445 880 1485 Poen.
899 1443 983 1484 304
1001 1450 1041 1484 et
1058 1442 1152 1484 302).
1185 1442 1449 1484 Ritschelius
1487 1443 1561 1499 Op.
1589 1444 1635 1485 II
1655 1460 1697 1500 p.
1717 1444 1813 1496 290,
1845 1446 1917 1500 qui

292 1515 414 1556 aliter
453 1529 552 1555 sane
594 1528 681 1554 rem
721 1512 909 1567 expedit.
956 1512 1158 1568 quocirca
1196 1511 1231 1552 si
1270 1511 1418 1552 similis
1451 1512 1620 1568 generis
1653 1513 1914 1557 differentias

292 1583 402 1624 inter
442 1582 708 1623 recensiones
749 1580 1083 1622 Ambrosianam
1131 1587 1171 1621 et
1217 1579 1460 1621 Palatinam
1506 1580 1818 1624 intercedentes
1858 1583 1918 1625 in-

293 1652 509 1701 venimus,
564 1651 664 1704 quin
721 1650 819 1690 item
877 1649 1035 1703 duplex
1092 1649 1295 1689 memoria
1342 1664 1393 1690 ex
1440 1650 1691 1704 antiquitate
1738 1654 1919 1708 repetita

294 1720 566 1776 agnoscenda
599 1720 652 1760 sit
692 1718 775 1759 iam
809 1733 891 1758 non
934 1718 1168 1772 poterimus
1201 1732 1372 1773 negare.
1405 1733 1587 1772 quarum
1619 1730 1789 1775 praesto
1822 1730 1919 1766 sunt,

294 1789 492 1844 exempla
524 1802 652 1842 quam
684 1788 872 1827 maxime
906 1785 1211 1827 memorabilia.

409 1859 531 1898 Mero.
570 1856 664 1899 267.
706 1857 799 1897 268.
853 1854 1115 1909 Demiphoni
1162 1855 1205 1895 in
1252 1855 1409 1897 somnis
1456 1864 1750 1913 apparuerunt
1795 1859 1919 1901 simia

292 1925 455 1968 haedus
487 1940 636 1980 capra3
669 1939 778 1978 quae
804 1923 907 1978 quid
939 1922 1019 1964 sibi
1051 1923 1183 1964 velint
1215 1939 1313 1964 cum
1344 1924 1631 1968 coniecturam
1663 1925 1780 1976 facit,
1812 1926 1919 1970 haec

294 1995 410 2046 dicit,
441 1993 475 2034 si
507 1994 551 2034 A
582 1993 820 2049 sequimur:

351 2061 434 2103 266
478 2061 608 2102 Nunc
639 2061 719 2102 hoc
753 2062 944 2115 profecto
977 2060 1065 2102 seio
1096 2068 1178 2101 est:
1212 2060 1318 2102 haec
1350 2060 1463 2101 illast
1495 2075 1638 2118 capra.

478 2130 641 2172 Verum
673 2130 815 2170 hercle
846 2129 970 2170 simia
1001 2129 1073 2169 illa
1105 2135 1234 2185 atque
1266 2129 1430 2171 haedus
1462 2129 1585 2186 m[ihi
1617 2130 1798 2188 malum]
1814 2133 1848 2188 ⁶³)

478 2199 740 2253 Adportant.
775 2206 901 2252 atque
934 2211 1004 2239 eos
1037 2211 1129 2238 esse
1160 2212 1265 2253 quos
1298 2197 1463 2239 deicam
1498 2198 1684 2242 hauseio,

293 2269 330 2310 P
360 2268 591 2324 praebent:

479 2335 607 2377 Nunc
639 2336 717 2377 hoc
748 2336 939 2390 profecto
970 2334 1029 2375 sic
1062 2340 1144 2384 est3
1177 2334 1283 2376 haec
1314 2334 1427 2375 illast
1459 2349 1599 2390 capra.

479 2404 564 2447 Sed
596 2404 718 2445 simia
750 2404 822 2445 illa
853 2412 982 2460 atque
1016 2403 1177 2445 haedus
1210 2403 1336 2444 timeo
1367 2403 1470 2459 quid
1502 2402 1647 2446 velint.

295 2473 337 2514 in
377 2471 531 2529 quibus
572 2487 653 2512 non
694 2472 917 2526 vulgarem
957 2472 1260 2513 correctionem
1298 2471 1538 2521 metricam,
1585 2471 1754 2526 qualem
1803 2471 1919 2513 miris

300 2540 556 2596 ambagibus
597 2539 882 2595 Niemeyerus
922 2556 961 2596 p.
1001 2541 1053 2581 27
1094 2540 1316 2593 describit,
1363 2540 1436 2581 sed
1476 2540 1689 2595 duplicem
1730 2540 1919 2582 eiusdem

415 2656 440 2697 ¹)
465 2654 519 2689 Cf.
555 2654 763 2688 simillimus
800 2654 902 2688 locus
930 2655 1028 2699 Capi.
1060 2655 1145 2688 1022
1176 2665 1238 2698 sq..
1273 2653 1319 2688 de
1350 2664 1421 2697 quo
1447 2664 1521 2688 non
1546 2653 1738 2687 consentio
1764 2652 1917 2688 Goetzio

296 2713 318 2746 l.
337 2724 365 2747 c.
384 2723 418 2756 p.
437 2713 512 2746 2343.
532 2710 665 2745 deinde
691 2711 818 2746 Pseud.
837 2712 913 2746 523.
941 2710 1051 2746 M'erc.
1075 2712 1152 2753 952,
1178 2711 1223 2744 de
1247 2710 1380 2754 quibus
1406 2709 1451 2744 cf.
1479 2709 1705 2744 Ritschelius
1731 2709 1822 2743 Nov.
1849 2721 1919 2744 exc.

297 2768 415 2801 Plaut.
441 2779 474 2812 p.
500 2768 544 2801 30
570 2779 621 2810 sq.

411 2837 439 2877 2)
463 2834 620 2869 Etiamsi
641 2835 741 2876 ‚mihi
761 2835 907 2869 malum‘
926 2834 964 2869 in
983 2835 1018 2870 A
1035 2846 1108 2869 non
1126 2834 1198 2869 fuit
1212 2834 1273 2879 (cf.
1293 2833 1437 2869 Goetzii
1456 2833 1538 2868 adn.
1560 2834 1605 2868 ad
1623 2834 1681 2877 v.),
1708 2833 1787 2868 sine
1804 2833 1918 2868 dubio

296 2892 415 2926 simile
443 2891 530 2935 quid
563 2891 645 2933 suit,
680 2892 778 2936 quod
804 2892 873 2926 etsi
900 2892 1112 2936 ignoramus
1138 2881 1212 2924 non
1236 2891 1331 2924 tanti
1358 2893 1425 2931 est,
1458 2892 1498 2924 ut
1524 2889 1662 2924 iudicio
1688 2889 1732 2924 de
1759 2889 1841 2924 loco
1867 2889 1918 2924 fe-

295 2948 409 2983 rendo
436 2948 585 2981 omnino
610 2948 717 2982 nobis
743 2947 1004 2982 abstinendum
1029 2947 1087 2981 sit.
