2020 3278
838 134 914 178 125

56 272 130 313 vix
162 272 267 314 haec
298 272 419 322 dixit,
451 286 546 312 cum
577 271 900 327 Theopropides
932 272 1160 328 egreditur,
1195 271 1314 312 cuius
1347 271 1493 326 primis
1526 271 1679 321 verbis,

57 355 166 395 quae
198 339 357 382 Tranio
389 348 611 389 metuerat,
645 341 962 383 confirmantur.
1023 354 1074 380 en
1106 338 1236 380 habes
1270 339 1461 380 strictum
1495 347 1536 379 et
1568 355 1684 396 prae-

58 409 193 450 cisum
242 409 444 449 orationis
493 423 779 464 progressum.
852 408 896 449 A
944 423 1043 449 vero
1087 414 1182 463 post
1225 422 1261 447 v.
1298 406 1407 447 1054
1447 408 1684 461 quinque¹)

55 492 204 519 versus
234 478 393 530 inserit,
427 492 608 530 quorum
631 476 733 531 quid
767 477 912 532 primis
945 484 1144 532 quattuor
1173 475 1301 516 fucrit
1334 491 1384 517 ne
1424 476 1681 518 Studemun-

62 545 140 586 dus
172 545 347 599 quidem
379 545 581 600 dispexit.
642 545 715 585 sed
746 544 920 585 ultimus
952 544 1065 585 solus

168 613 500 669 praeoccupabo
532 620 661 668 atque
693 613 964 653 anteveniam
997 619 1037 653 et
1066 612 1216 653 foedus
1248 612 1421 653 feriam:
1454 627 1520 654 me
1543 627 1683 654 moror

58 682 216 724 sufficit
262 683 315 723 ad
366 680 738 737 interpolationem
795 680 1092 735 detegendam.
1173 696 1222 722 ac
1274 681 1459 736 primum
1512 682 1684 736 quidem

52 751 282 792 dictionem
322 752 395 792 vix
438 751 664 808 quisquam
704 749 965 798 laudaverit:
1012 750 1315 805 praeoccupabo
1354 757 1395 790 et
1435 752 1682 791 anteveniam

59 819 253 861 eiusdem
286 827 384 861 sunt
415 819 761 875 significationis3
794 818 1141 860 coniunctionum
1173 825 1292 872 atque
1323 826 1363 858 et
1394 826 1427 858 et
1450 833 1551 859 usus
1584 819 1685 859 satis

55 887 370 937 incommodus;
402 887 534 929 verba
567 902 626 928 me
656 902 788 927 moror
820 902 872 928 ex
906 886 1089 941 abrupto
1121 886 1349 929 adduntur.
1392 886 1546 927 deinde
1578 886 1684 928 haec

57 955 267 997 deliberes
308 956 454 997 velim:
495 955 654 996 Tranio
691 970 757 996 res
800 970 823 995 a
862 970 905 995 se
946 962 1090 1010 gestas
1130 970 1204 1011 per
1241 954 1450 1010 imagines
1490 955 1541 996 de
1574 955 1685 997 bello

58 1023 187 1078 (1047
229 1025 312 1079 sqz)
358 1032 399 1065 et
452 1023 654 1065 institutis
706 1023 888 1079 publicis
935 1023 1182 1078 desumptas
1226 1023 1565 1079 (1049—1051)
1620 1023 1687 1064 de-

56 1093 297 1149 scripserat.
360 1107 484 1134 versu
517 1100 658 1134 autem
685 1092 794 1134 1055
825 1092 1086 1147 metaphoris
1120 1091 1277 1133 relictis
1316 1106 1442 1145 quem
1476 1091 1518 1132 in
1544 1092 1685 1133 locum

56 1175 123 1202 res
162 1161 247 1202 iam
279 1176 392 1202 nunc
425 1161 632 1202 deductae
665 1161 748 1201 sint
798 1161 1049 1217 simpliciter
1086 1169 1241 1203 narrat.
1303 1160 1540 1202 eundemne
1572 1176 1684 1202 nunc

55 1229 280 1271 credamus
312 1230 468 1270 iterum
499 1229 553 1270 ad
587 1229 820 1284 imaginem
852 1229 1079 1271 militarem
1111 1228 1318 1272 rediisse?
1360 1228 1474 1284 quod
1508 1244 1609 1270 vero
1642 1244 1685 1270 se

55 1304 386 1338 anteventurum
429 1306 468 1338 et
500 1305 917 1353 praeoccupaturum
959 1298 1003 1339 id
1035 1305 1097 1339 est
1135 1297 1256 1339 novis
1295 1297 1684 1339 machinationibus

57 1366 292 1420 perniciem
323 1366 550 1407 instantem
582 1367 855 1408 defensurum
890 1367 1007 1416 dicit,
1041 1366 1213 1408 minime
1236 1367 1422 1421 quadrat
1452 1366 1506 1408 ad
1529 1374 1684 1422 poetae

56 1434 295 1485 consilium,
327 1435 563 1477 secundum
594 1435 710 1489 quod
742 1436 797 1476 ad
828 1435 953 1476 finem
975 1436 1059 1476 iam
1091 1436 1239 1477 fabula
1258 1443 1474 1491 properat,
1508 1435 1683 1477 Tranio-

56 1517 153 1557 que,
185 1518 448 1557 quamquam
471 1505 620 1560 fugere
641 1512 821 1559 poterat,
854 1505 895 1545 in
930 1519 1084 1545 scaena
1108 1511 1310 1545 remanet.
1362 1519 1520 1558 magna
1543 1514 1684 1546 autem

57 1580 97 1612 et
143 1586 255 1612 nova
309 1572 499 1613 facinora
552 1573 750 1614 nuntiare
805 1588 943 1627 neque
999 1573 1233 1629 quidquam
1282 1573 1485 1628 perficere
1533 1580 1685 1628 poetae

55 1639 233 1695 dignum
272 1655 356 1681 non
418 1649 500 1690 est,
555 1642 630 1683 sed
674 1642 878 1697 poetastri
927 1656 1041 1683 more
1092 1641 1214 1683 solito
1268 1650 1418 1697 poetae
1475 1641 1683 1698 imagines

56 1708 355 1763 amplificantis
380 1710 616 1764 proprium.
676 1710 829 1751 deinde
851 1711 892 1751 in
926 1726 974 1752 eo
1005 1711 1267 1751 haerendum
1290 1719 1366 1761 est,
1398 1710 1513 1765 quod
1545 1725 1683 1767 neque

54 1776 157 1830 quid
203 1785 596 1833 praeoccupaturus
652 1793 790 1833 neque
841 1780 909 1819 cui
957 1787 1260 1820 anteventurus
1313 1794 1451 1833 neque
1501 1793 1685 1834 quocum

54 1845 205 1886 foedus
237 1846 430 1886 facturus
454 1847 507 1887 sit
547 1847 715 1888 dicitur.
763 1847 806 1887 in
836 1847 919 1888 fine
941 1857 1083 1889 autem
1106 1862 1308 1890 versuum
1330 1848 1683 1903 interpolatorum

57 1912 236 1954 eandem
270 1913 403 1955 habes
436 1914 663 1956 formulam
694 1931 776 1966 ,me
801 1922 967 1969 moror‘‚
1004 1931 1088 1970 qua
1115 1916 1236 1959 Stich.
1259 1917 1342 1957 445
1366 1932 1390 1956 a
1413 1916 1683 1972 digressioni-

54 1981 133 2023 bus
165 1981 218 2022 ad
249 1981 420 2024 fabulae
455 1985 667 2024 actionem
696 1984 835 2025 denuo
869 1985 1210 2040 persequendam
1242 1985 1432 2027 animum
1464 1986 1684 2027 revocavit

56 2049 231 2100 histrio3
263 2065 373 2105 quae
405 2066 534 2105 quam
574 2052 798 2094 commoda
840 2052 894 2093 ad
926 2052 1039 2094 hunc
1079 2053 1207 2094 finem
1240 2054 1331 2095 visa
1369 2054 1423 2094 sit
1459 2053 1685 2108 interpola-

54 2117 216 2160 toribus
272 2118 372 2160 inde
426 2119 641 2170 videmus,
703 2120 818 2175 quod
864 2121 1033 2162 tertium
1080 2122 1123 2162 in
1176 2122 1371 2164 versibus
1418 2122 1685 2178 interpolatis

58 2188 297 2243 paullulum
344 2190 565 2229 immutata
613 2189 831 2231 invenitur
870 2190 991 2231 Poen.
1024 2189 1130 2239 9243
1176 2191 1227 2232 cf.
1258 2190 1458 2231 Loewius
1490 2191 1580 2230 Act.
1611 2205 1685 2231 soc.

54 2257 199 2312 philol.
232 2257 349 2312 Lz'ps.
383 2256 448 2300 VI
488 2273 527 2313 p.
560 2257 655 2300 253.
716 2258 809 2299 aliis
855 2258 1114 2312 quibusdam
1153 2258 1256 2300 locis
1287 2258 1566 2300 Ambrosiani
1604 2272 1686 2298 me-

57 2326 190 2367 moria
222 2326 330 2367 adeo
362 2325 606 2367 oblitterata
638 2333 714 2375 est,
747 2334 792 2367 ut
824 2325 875 2366 de
907 2335 1160 2380 argumento
1183 2341 1398 2376 versuum,
1432 2341 1537 2383 quos
1569 2326 1684 2367 solus

59 2394 246 2445 exhibet,
279 2395 384 2435 nihil
417 2403 593 2438 constet.
653 2394 704 2435 de
733 2394 796 2434 his
827 2394 959 2449 igitur
990 2396 1050 2435 ita
1073 2394 1350 2436 iudicandum
1377 2403 1451 2444 est,
1484 2402 1529 2435 ut
1561 2393 1685 2435 certis

55 2462 273 2504 iudicandi
320 2463 590 2504 adminiculis
628 2470 822 2504 carentes
881 2463 1014 2504 solam
1054 2463 1261 2504 rationem
1306 2477 1536 2518 sequamur
1573 2461 1686 2503 lacu-

54 2545 237 2585 namque
281 2531 324 2572 in
362 2531 619 2573 editionibus
659 2547 743 2572 non
782 2531 1041 2581 indicemus,
1090 2532 1169 2572 nisi
1220 2531 1351 2572 etiam
1398 2531 1688 2572 Palatinorum

55 2600 300 2640 memoriam
333 2599 583 2641 lacunosam
614 2614 704 2640 esse
745 2600 833 2640 sive
866 2600 1054 2641 externis
1086 2600 1174 2642 sive
1205 2600 1381 2641 internis
1421 2590 1684 2640 indiciis-in—

57 2667 283 2722 tellegitur.

170 2736 288 2778 Most.
322 2753 360 2778 v.
393 2736 476 2777 933
507 2735 747 2777 Phaniscus
787 2744 828 2777 et
859 2736 1097 2778 advorsitor
1139 2737 1180 2777 in
1219 2750 1422 2777 scaenam
1463 2735 1685 2792 prodeunt,

58 2813 103 2846 ut
135 2819 254 2846 erum
279 2820 402 2847 suum
428 2804 756 2846 Callidamatem
782 2819 877 2845 cum
901 2804 986 2845 filio
1009 2803 1322 2859 Theopropidis
1352 2806 1395 2845 in
1416 2804 1540 2845 huius
1563 2803 1687 2842 domo

173 2954 198 2997 ¹)
224 2951 504 2986 Studemundus
532 2952 553 2986 l.
580 2963 609 2986 c.
636 2952 884 2987 Ritschelium
909 2953 1110 2996 corrigens.
