<?xml version="1.0" encoding="UTF-8"?>
<!DOCTYPE html PUBLIC "-//W3C//DTD XHTML 1.0 Transitional//EN"
    "http://www.w3.org/TR/xhtml1/DTD/xhtml1-transitional.dtd">
<html xmlns="http://www.w3.org/1999/xhtml" xml:lang="en" lang="en">
 <head>
  <title>
</title>
<meta http-equiv="Content-Type" content="text/html;charset=utf-8" />
  <meta name='ocr-system' content='tesseract 3.04.00' />
  <meta name='ocr-capabilities' content='ocr_page ocr_carea ocr_par ocr_line ocrx_word'/>
</head>
<body>
  <div class='ocr_page' id='page_1' title='image "./deplautifabularu00baieuoft_0147.png"; bbox 0 0 2020 3278; ppageno 0'>
   <div class='ocr_carea' id='block_1_1' title="bbox 46 106 1703 2630">
    <p class='ocr_par' dir='ltr' id='par_1_1' title="bbox 852 106 929 147">
     <span class='ocr_line' id='line_1_1' title="bbox 852 106 929 147; baseline 0 0"><span class='ocrx_word' id='word_1_1' title='bbox 852 106 929 147; x_wconf 78' lang='lat'>135</span> 
     </span>
    </p>

    <p class='ocr_par' dir='ltr' id='par_1_2' title="bbox 72 241 1703 846">
     <span class='ocr_line' id='line_1_2' title="bbox 78 241 1701 298; baseline -0.001 -14"><span class='ocrx_word' id='word_1_2' title='bbox 78 249 217 284; x_wconf 81' lang='lat' dir='ltr'>turam</span> <span class='ocrx_word' id='word_1_3' title='bbox 259 242 349 283; x_wconf 79' lang='lat' dir='ltr'>sine</span> <span class='ocrx_word' id='word_1_4' title='bbox 389 242 518 284; x_wconf 89' lang='lat' dir='ltr'>dubio</span> <span class='ocrx_word' id='word_1_5' title='bbox 559 242 863 284; x_wconf 69' lang='lat' dir='ltr'>restituendam</span> <span class='ocrx_word' id='word_1_6' title='bbox 905 250 1035 298; x_wconf 72' lang='lat' dir='ltr'>capto,</span> <span class='ocrx_word' id='word_1_7' title='bbox 1081 249 1117 282; x_wconf 83' lang='lat' dir='ltr'>et</span> <span class='ocrx_word' id='word_1_8' title='bbox 1159 242 1251 296; x_wconf 71' lang='lat' dir='ltr'>ipsa</span> <span class='ocrx_word' id='word_1_9' title='bbox 1290 241 1393 282; x_wconf 85' lang='lat' dir='ltr'>satis</span> <span class='ocrx_word' id='word_1_10' title='bbox 1434 241 1611 296; x_wconf 84' lang='lat' dir='ltr'>languet</span> <span class='ocrx_word' id='word_1_11' title='bbox 1647 267 1701 272; x_wconf 94' lang='lat'>—-</span> 
     </span>
     <span class='ocr_line' id='line_1_3' title="bbox 78 309 1702 364; baseline 0.001 -14"><span class='ocrx_word' id='word_1_12' title='bbox 78 323 215 364; x_wconf 90' lang='lat' dir='ltr'>neque</span> <span class='ocrx_word' id='word_1_13' title='bbox 256 310 366 350; x_wconf 87' lang='lat' dir='ltr'>enim</span> <span class='ocrx_word' id='word_1_14' title='bbox 405 309 617 350; x_wconf 81' lang='lat' dir='ltr'>adiectivo</span> <span class='ocrx_word' id='word_1_15' title='bbox 659 312 774 353; x_wconf 85' lang='lat' dir='ltr'>volut</span> <span class='ocrx_word' id='word_1_16' title='bbox 811 312 961 358; x_wconf 65' lang='lat' dir='ltr'>calido,</span> <span class='ocrx_word' id='word_1_17' title='bbox 1005 313 1098 351; x_wconf 67' lang='lat' dir='ltr'>scito</span> <span class='ocrx_word' id='word_1_18' title='bbox 1137 310 1229 350; x_wconf 80' lang='lat' dir='ltr'>sim.</span> <span class='ocrx_word' id='word_1_19' title='bbox 1278 310 1331 350; x_wconf 87' lang='lat' dir='ltr'>ad</span> <span class='ocrx_word' id='word_1_20' title='bbox 1361 310 1520 350; x_wconf 71' lang='lat' dir='ltr'>consilio</span> <span class='ocrx_word' id='word_1_21' title='bbox 1559 309 1702 351; x_wconf 85' lang='lat' dir='ltr'>addito</span> 
     </span>
     <span class='ocr_line' id='line_1_4' title="bbox 84 377 1703 433; baseline 0.001 -15"><span class='ocrx_word' id='word_1_22' title='bbox 84 392 229 419; x_wconf 88' lang='lat' dir='ltr'>carere</span> <span class='ocrx_word' id='word_1_23' title='bbox 251 393 476 433; x_wconf 84' lang='lat' dir='ltr'>possumus</span> <span class='ocrx_word' id='word_1_24' title='bbox 497 405 551 410; x_wconf 90' lang='lat'>-—</span> <span class='ocrx_word' id='word_1_25' title='bbox 574 391 612 420; x_wconf 87' lang='lat' dir='ltr'>ct</span> <span class='ocrx_word' id='word_1_26' title='bbox 639 388 826 421; x_wconf 84' lang='lat' dir='ltr'>removet</span> <span class='ocrx_word' id='word_1_27' title='bbox 850 381 928 420; x_wconf 79' lang='lat' dir='ltr'>nisi</span> <span class='ocrx_word' id='word_1_28' title='bbox 953 380 1096 420; x_wconf 79' lang='lat' dir='ltr'>omnia</span> <span class='ocrx_word' id='word_1_29' title='bbox 1117 378 1268 419; x_wconf 88' lang='lat' dir='ltr'>fallunt</span> <span class='ocrx_word' id='word_1_30' title='bbox 1293 377 1349 427; x_wconf 90' lang='lat' dir='ltr'>id,</span> <span class='ocrx_word' id='word_1_31' title='bbox 1372 392 1456 431; x_wconf 88' lang='lat' dir='ltr'>quo</span> <span class='ocrx_word' id='word_1_32' title='bbox 1478 378 1703 433; x_wconf 81' lang='lat' dir='ltr'>interpola-</span> 
     </span>
     <span class='ocr_line' id='line_1_5' title="bbox 81 446 1701 502; baseline 0.001 -15"><span class='ocrx_word' id='word_1_33' title='bbox 81 447 183 487; x_wconf 86' lang='lat' dir='ltr'>toris</span> <span class='ocrx_word' id='word_1_34' title='bbox 215 461 345 501; x_wconf 89' lang='lat' dir='ltr'>opera</span> <span class='ocrx_word' id='word_1_35' title='bbox 378 447 601 501; x_wconf 70' lang='lat' dir='ltr'>detegitur.</span> <span class='ocrx_word' id='word_1_36' title='bbox 663 449 816 489; x_wconf 87' lang='lat' dir='ltr'>deinde</span> <span class='ocrx_word' id='word_1_37' title='bbox 850 449 929 488; x_wconf 84' lang='lat' dir='ltr'>hoc</span> <span class='ocrx_word' id='word_1_38' title='bbox 961 462 1027 488; x_wconf 86' lang='lat' dir='ltr'>me</span> <span class='ocrx_word' id='word_1_39' title='bbox 1060 446 1248 495; x_wconf 83' lang='lat' dir='ltr'>offendit,</span> <span class='ocrx_word' id='word_1_40' title='bbox 1282 446 1396 502; x_wconf 86' lang='lat' dir='ltr'>quod</span> <span class='ocrx_word' id='word_1_41' title='bbox 1429 461 1453 487; x_wconf 87' lang='lat' dir='ltr'>a</span> <span class='ocrx_word' id='word_1_42' title='bbox 1484 461 1588 488; x_wconf 91' lang='lat' dir='ltr'>voce</span> <span class='ocrx_word' id='word_1_43' title='bbox 1612 450 1701 488; x_wconf 82' lang='lat' dir='ltr'>vide&#39;</span> 
     </span>
     <span class='ocr_line' id='line_1_6' title="bbox 79 514 1700 571; baseline 0.001 -15"><span class='ocrx_word' id='word_1_44' title='bbox 79 530 161 556; x_wconf 89' lang='lat' dir='ltr'>non</span> <span class='ocrx_word' id='word_1_45' title='bbox 195 516 404 556; x_wconf 82' lang='lat' dir='ltr'>sententia</span> <span class='ocrx_word' id='word_1_46' title='bbox 437 524 510 557; x_wconf 82' lang='lat' dir='ltr'>aut</span> <span class='ocrx_word' id='word_1_47' title='bbox 542 517 679 557; x_wconf 81' lang='lat' dir='ltr'>finalis</span> <span class='ocrx_word' id='word_1_48' title='bbox 712 525 783 557; x_wconf 86' lang='lat' dir='ltr'>aut</span> <span class='ocrx_word' id='word_1_49' title='bbox 816 516 1124 571; x_wconf 79' lang='lat' dir='ltr'>interrogativa</span> <span class='ocrx_word' id='word_1_50' title='bbox 1156 515 1327 569; x_wconf 80' lang='lat' dir='ltr'><strong>pendet,</strong></span> <span class='ocrx_word' id='word_1_51' title='bbox 1367 514 1409 555; x_wconf 86' lang='lat' dir='ltr'>id</span> <span class='ocrx_word' id='word_1_52' title='bbox 1441 514 1554 571; x_wconf 86' lang='lat' dir='ltr'>quod</span> <span class='ocrx_word' id='word_1_53' title='bbox 1586 516 1700 571; x_wconf 87' lang='lat' dir='ltr'>apud</span> 
     </span>
     <span class='ocr_line' id='line_1_7' title="bbox 75 583 1702 641; baseline 0 -16"><span class='ocrx_word' id='word_1_54' title='bbox 75 583 277 625; x_wconf 88' lang='lat' dir='ltr'>Plautum</span> <span class='ocrx_word' id='word_1_55' title='bbox 310 584 399 625; x_wconf 85' lang='lat' dir='ltr'>fieri</span> <span class='ocrx_word' id='word_1_56' title='bbox 440 584 564 634; x_wconf 82' lang='lat' dir='ltr'>solet,</span> <span class='ocrx_word' id='word_1_57' title='bbox 606 585 864 641; x_wconf 89' lang='lat' dir='ltr'>ubicumque</span> <span class='ocrx_word' id='word_1_58' title='bbox 903 585 1010 625; x_wconf 84' lang='lat' dir='ltr'>hacc</span> <span class='ocrx_word' id='word_1_59' title='bbox 1053 598 1138 625; x_wconf 84' lang='lat' dir='ltr'>vox</span> <span class='ocrx_word' id='word_1_60' title='bbox 1180 583 1467 633; x_wconf 86' lang='lat' dir='ltr'>deliberandi,</span> <span class='ocrx_word' id='word_1_61' title='bbox 1513 583 1702 625; x_wconf 88' lang='lat' dir='ltr'>animum</span> 
     </span>
     <span class='ocr_line' id='line_1_8' title="bbox 75 651 1703 707; baseline -0.001 -14"><span class='ocrx_word' id='word_1_62' title='bbox 75 652 345 701; x_wconf 81' lang='lat' dir='ltr'>attendendi,</span> <span class='ocrx_word' id='word_1_63' title='bbox 386 653 673 707; x_wconf 73' lang='lat' dir='ltr'>prospiciendi</span> <span class='ocrx_word' id='word_1_64' title='bbox 706 653 922 693; x_wconf 87' lang='lat' dir='ltr'>notionem</span> <span class='ocrx_word' id='word_1_65' title='bbox 962 651 1101 694; x_wconf 86' lang='lat' dir='ltr'>habet.</span> <span class='ocrx_word' id='word_1_66' title='bbox 1176 652 1321 706; x_wconf 86' lang='lat' dir='ltr'>itaque</span> <span class='ocrx_word' id='word_1_67' title='bbox 1361 651 1477 694; x_wconf 88' lang='lat' dir='ltr'>haud</span> <span class='ocrx_word' id='word_1_68' title='bbox 1515 652 1602 693; x_wconf 85' lang='lat' dir='ltr'>scio</span> <span class='ocrx_word' id='word_1_69' title='bbox 1647 667 1703 693; x_wconf 86' lang='lat' dir='ltr'>an</span> 
     </span>
     <span class='ocr_line' id='line_1_9' title="bbox 75 720 1701 776; baseline 0.001 -16"><span class='ocrx_word' id='word_1_70' title='bbox 75 720 128 761; x_wconf 90' lang='lat' dir='ltr'>de</span> <span class='ocrx_word' id='word_1_71' title='bbox 158 720 437 761; x_wconf 83' lang='lat' dir='ltr'>Ambrosiani</span> <span class='ocrx_word' id='word_1_72' title='bbox 474 735 620 762; x_wconf 80' lang='lat' dir='ltr'>versus</span> <span class='ocrx_word' id='word_1_73' title='bbox 651 721 816 776; x_wconf 84' lang='lat' dir='ltr'>origine</span> <span class='ocrx_word' id='word_1_74' title='bbox 847 721 961 762; x_wconf 88' lang='lat' dir='ltr'>idem</span> <span class='ocrx_word' id='word_1_75' title='bbox 994 721 1157 770; x_wconf 86' lang='lat' dir='ltr'>valeat,</span> <span class='ocrx_word' id='word_1_76' title='bbox 1190 721 1303 774; x_wconf 87' lang='lat' dir='ltr'>quod</span> <span class='ocrx_word' id='word_1_77' title='bbox 1337 721 1388 761; x_wconf 86' lang='lat' dir='ltr'>(le</span> <span class='ocrx_word' id='word_1_78' title='bbox 1420 734 1548 762; x_wconf 84' lang='lat' dir='ltr'>versu</span> <span class='ocrx_word' id='word_1_79' title='bbox 1578 720 1701 762; x_wconf 88' lang='lat' dir='ltr'>Pala-</span> 
     </span>
     <span class='ocr_line' id='line_1_10' title="bbox 72 791 318 846; baseline 0 -15"><span class='ocrx_word' id='word_1_80' title='bbox 72 791 269 832; x_wconf 78' lang='lat' dir='ltr'>tinorum.</span> <span class='ocrx_word' id='word_1_81' title='bbox 285 791 318 846; x_wconf 80' lang='lat'>¹)</span> 
     </span>
    </p>

    <p class='ocr_par' dir='ltr' id='par_1_3' title="bbox 73 857 1701 968">
     <span class='ocr_line' id='line_1_11' title="bbox 188 857 1701 916; baseline 0.003 -18"><span class='ocrx_word' id='word_1_82' title='bbox 188 859 310 899; x_wconf 78' lang='lat' dir='ltr'>Mero.</span> <span class='ocrx_word' id='word_1_83' title='bbox 344 858 440 899; x_wconf 76' lang='lat'>547.</span> <span class='ocrx_word' id='word_1_84' title='bbox 472 859 566 901; x_wconf 66' lang='lat'>548.</span> <span class='ocrx_word' id='word_1_85' title='bbox 628 857 843 913; x_wconf 86' lang='lat' dir='ltr'>Demipho</span> <span class='ocrx_word' id='word_1_86' title='bbox 883 872 1013 898; x_wconf 82' lang='lat' dir='ltr'>senex</span> <span class='ocrx_word' id='word_1_87' title='bbox 1057 859 1189 899; x_wconf 83' lang='lat' dir='ltr'>amori</span> <span class='ocrx_word' id='word_1_88' title='bbox 1222 874 1265 899; x_wconf 89' lang='lat' dir='ltr'>se</span> <span class='ocrx_word' id='word_1_89' title='bbox 1305 858 1701 916; x_wconf 81' lang='lat' dir='ltr'>obtemperaturum</span> 
     </span>
     <span class='ocr_line' id='line_1_12' title="bbox 73 926 703 968; baseline -0.002 0"><span class='ocrx_word' id='word_1_90' title='bbox 73 941 163 968; x_wconf 90' lang='lat' dir='ltr'>esse</span> <span class='ocrx_word' id='word_1_91' title='bbox 196 926 415 967; x_wconf 85' lang='lat' dir='ltr'>confirmat</span> <span class='ocrx_word' id='word_1_92' title='bbox 448 926 511 967; x_wconf 90' lang='lat' dir='ltr'>his</span> <span class='ocrx_word' id='word_1_93' title='bbox 543 926 703 968; x_wconf 88' lang='lat' dir='ltr'>verbis:</span> 
     </span>
    </p>

    <p class='ocr_par' dir='ltr' id='par_1_4' title="bbox 185 994 1451 1052">
     <span class='ocr_line' id='line_1_13' title="bbox 185 994 1451 1052; baseline 0.002 -17"><span class='ocrx_word' id='word_1_94' title='bbox 185 994 250 1036; x_wconf 89' lang='lat' dir='ltr'>A:</span> <span class='ocrx_word' id='word_1_95' title='bbox 285 994 423 1036; x_wconf 86' lang='lat' dir='ltr'>Breve</span> <span class='ocrx_word' id='word_1_96' title='bbox 456 996 541 1036; x_wconf 82' lang='lat' dir='ltr'>iam</span> <span class='ocrx_word' id='word_1_97' title='bbox 573 995 776 1036; x_wconf 80' lang='lat' dir='ltr'>relicuom</span> <span class='ocrx_word' id='word_1_98' title='bbox 809 995 920 1037; x_wconf 86' lang='lat' dir='ltr'>vitae</span> <span class='ocrx_word' id='word_1_99' title='bbox 953 995 1203 1050; x_wconf 80' lang='lat' dir='ltr'>spatiumst:</span> <span class='ocrx_word' id='word_1_100' title='bbox 1236 996 1339 1052; x_wconf 90' lang='lat' dir='ltr'>quin</span> <span class='ocrx_word' id='word_1_101' title='bbox 1371 1011 1451 1052; x_wconf 87' lang='lat' dir='ltr'>ego</span> 
     </span>
    </p>

    <p class='ocr_par' dir='ltr' id='par_1_5' title="bbox 282 1063 1222 1119">
     <span class='ocr_line' id='line_1_14' title="bbox 282 1063 1222 1119; baseline 0.001 -15"><span class='ocrx_word' id='word_1_102' title='bbox 282 1063 528 1119; x_wconf 80' lang='lat' dir='ltr'>Voluptate,</span> <span class='ocrx_word' id='word_1_103' title='bbox 562 1065 659 1105; x_wconf 76' lang='lat' dir='ltr'>vino</span> <span class='ocrx_word' id='word_1_104' title='bbox 692 1072 732 1105; x_wconf 88' lang='lat' dir='ltr'>et</span> <span class='ocrx_word' id='word_1_105' title='bbox 763 1079 906 1106; x_wconf 84' lang='lat' dir='ltr'>amore</span> <span class='ocrx_word' id='word_1_106' title='bbox 939 1065 1222 1106; x_wconf 84' lang='lat' dir='ltr'>delectavero.</span> 
     </span>
    </p>

    <p class='ocr_par' dir='ltr' id='par_1_6' title="bbox 46 1132 1701 2630">
     <span class='ocr_line' id='line_1_15' title="bbox 184 1132 1467 1190; baseline 0.001 -17"><span class='ocrx_word' id='word_1_107' title='bbox 184 1132 241 1175; x_wconf 86' lang='lat' dir='ltr'>P:</span> <span class='ocrx_word' id='word_1_108' title='bbox 272 1132 466 1174; x_wconf 88' lang='lat' dir='ltr'>Decurso</span> <span class='ocrx_word' id='word_1_109' title='bbox 499 1133 684 1188; x_wconf 87' lang='lat' dir='ltr'>inspatio</span> <span class='ocrx_word' id='word_1_110' title='bbox 716 1132 845 1175; x_wconf 86' lang='lat' dir='ltr'>breve</span> <span class='ocrx_word' id='word_1_111' title='bbox 878 1134 991 1190; x_wconf 91' lang='lat' dir='ltr'>quod</span> <span class='ocrx_word' id='word_1_112' title='bbox 1026 1134 1138 1174; x_wconf 86' lang='lat' dir='ltr'>vitae</span> <span class='ocrx_word' id='word_1_113' title='bbox 1170 1132 1416 1175; x_wconf 81' lang='lat' dir='ltr'>relicuomst</span> <span class='ocrx_word' id='word_1_114' title='bbox 1433 1134 1467 1188; x_wconf 73' lang='grc'>2)</span> 
     </span>
     <span class='ocr_line' id='line_1_16' title="bbox 109 1200 1221 1257; baseline 0.001 -13"><span class='ocrx_word' id='word_1_115' title='bbox 109 1256 114 1257; x_wconf 21' lang='lat'><em>⁷</em></span> <span class='ocrx_word' id='word_1_116' title='bbox 284 1200 526 1256; x_wconf 85' lang='lat' dir='ltr'>Voluptate,</span> <span class='ocrx_word' id='word_1_117' title='bbox 558 1203 659 1244; x_wconf 91' lang='lat' dir='ltr'>vino</span> <span class='ocrx_word' id='word_1_118' title='bbox 691 1209 731 1243; x_wconf 92' lang='lat' dir='ltr'>et</span> <span class='ocrx_word' id='word_1_119' title='bbox 764 1217 907 1243; x_wconf 89' lang='lat' dir='ltr'>amore</span> <span class='ocrx_word' id='word_1_120' title='bbox 941 1202 1221 1245; x_wconf 88' lang='lat' dir='ltr'>delectavero.</span> 
     </span>
     <span class='ocr_line' id='line_1_17' title="bbox 73 1268 1700 1323; baseline 0.002 -14"><span class='ocrx_word' id='word_1_121' title='bbox 73 1268 167 1323; x_wconf 89' lang='lat' dir='ltr'>quis</span> <span class='ocrx_word' id='word_1_122' title='bbox 212 1284 416 1323; x_wconf 86' lang='lat' dir='ltr'>umquam</span> <span class='ocrx_word' id='word_1_123' title='bbox 463 1278 549 1310; x_wconf 87' lang='lat' dir='ltr'>tam</span> <span class='ocrx_word' id='word_1_124' title='bbox 598 1271 811 1312; x_wconf 86' lang='lat' dir='ltr'>diversam</span> <span class='ocrx_word' id='word_1_125' title='bbox 860 1272 1050 1314; x_wconf 88' lang='lat' dir='ltr'>eiusdem</span> <span class='ocrx_word' id='word_1_126' title='bbox 1090 1270 1324 1312; x_wconf 85' lang='lat' dir='ltr'>sententiae</span> <span class='ocrx_word' id='word_1_127' title='bbox 1362 1271 1544 1311; x_wconf 86' lang='lat' dir='ltr'>formam</span> <span class='ocrx_word' id='word_1_128' title='bbox 1589 1271 1700 1312; x_wconf 87' lang='lat' dir='ltr'>inter</span> 
     </span>
     <span class='ocr_line' id='line_1_18' title="bbox 74 1337 1700 1396; baseline 0.002 -19"><span class='ocrx_word' id='word_1_129' title='bbox 74 1337 265 1378; x_wconf 89' lang='lat' dir='ltr'>eiusdem</span> <span class='ocrx_word' id='word_1_130' title='bbox 306 1338 524 1393; x_wconf 85' lang='lat' dir='ltr'>scriptoris</span> <span class='ocrx_word' id='word_1_131' title='bbox 565 1340 734 1381; x_wconf 86' lang='lat' dir='ltr'>codices</span> <span class='ocrx_word' id='word_1_132' title='bbox 775 1340 1039 1381; x_wconf 82' lang='lat' dir='ltr'>intercedere</span> <span class='ocrx_word' id='word_1_133' title='bbox 1079 1340 1222 1382; x_wconf 79' lang='lat' dir='ltr'>vidit?</span> <span class='ocrx_word' id='word_1_134' title='bbox 1270 1354 1399 1396; x_wconf 88' lang='lat' dir='ltr'>quam</span> <span class='ocrx_word' id='word_1_135' title='bbox 1447 1339 1519 1396; x_wconf 91' lang='lat' dir='ltr'>qui</span> <span class='ocrx_word' id='word_1_136' title='bbox 1565 1339 1700 1381; x_wconf 88' lang='lat' dir='ltr'>solitis</span> 
     </span>
     <span class='ocr_line' id='line_1_19' title="bbox 76 1406 1701 1463; baseline 0.001 -17"><span class='ocrx_word' id='word_1_137' title='bbox 76 1406 395 1461; x_wconf 81' lang='lat' dir='ltr'>depravationis</span> <span class='ocrx_word' id='word_1_138' title='bbox 438 1407 518 1448; x_wconf 73' lang='lat' dir='ltr'>viis</span> <span class='ocrx_word' id='word_1_139' title='bbox 550 1416 694 1449; x_wconf 87' lang='lat' dir='ltr'>natam</span> <span class='ocrx_word' id='word_1_140' title='bbox 727 1423 819 1449; x_wconf 88' lang='lat' dir='ltr'>esse</span> <span class='ocrx_word' id='word_1_141' title='bbox 852 1408 1004 1457; x_wconf 89' lang='lat' dir='ltr'>credit,</span> <span class='ocrx_word' id='word_1_142' title='bbox 1039 1423 1206 1450; x_wconf 91' lang='lat' dir='ltr'>omnem</span> <span class='ocrx_word' id='word_1_143' title='bbox 1247 1408 1436 1463; x_wconf 87' lang='lat' dir='ltr'>profecto</span> <span class='ocrx_word' id='word_1_144' title='bbox 1474 1407 1701 1463; x_wconf 85' lang='lat' dir='ltr'>probabili·</span> 
     </span>
     <span class='ocr_line' id='line_1_20' title="bbox 75 1475 1701 1534; baseline 0.002 -19"><span class='ocrx_word' id='word_1_145' title='bbox 75 1481 204 1516; x_wconf 89' lang='lat' dir='ltr'>tatem</span> <span class='ocrx_word' id='word_1_146' title='bbox 236 1475 362 1530; x_wconf 86' lang='lat' dir='ltr'>longe</span> <span class='ocrx_word' id='word_1_147' title='bbox 398 1475 580 1519; x_wconf 84' lang='lat' dir='ltr'>excedit.</span> <span class='ocrx_word' id='word_1_148' title='bbox 641 1484 787 1518; x_wconf 82' lang='lat' dir='ltr'>contra</span> <span class='ocrx_word' id='word_1_149' title='bbox 819 1477 1020 1519; x_wconf 84' lang='lat' dir='ltr'>facillime</span> <span class='ocrx_word' id='word_1_150' title='bbox 1053 1492 1118 1518; x_wconf 89' lang='lat' dir='ltr'>res</span> <span class='ocrx_word' id='word_1_151' title='bbox 1151 1477 1394 1533; x_wconf 84' lang='lat' dir='ltr'>expeditur,</span> <span class='ocrx_word' id='word_1_152' title='bbox 1434 1477 1468 1518; x_wconf 91' lang='lat' dir='ltr'>si</span> <span class='ocrx_word' id='word_1_153' title='bbox 1500 1477 1570 1518; x_wconf 87' lang='lat' dir='ltr'>hic</span> <span class='ocrx_word' id='word_1_154' title='bbox 1601 1491 1701 1534; x_wconf 87' lang='lat' dir='ltr'>quo-</span> 
     </span>
     <span class='ocr_line' id='line_1_21' title="bbox 74 1544 1701 1602; baseline 0.001 -16"><span class='ocrx_word' id='word_1_155' title='bbox 74 1559 156 1602; x_wconf 90' lang='lat' dir='ltr'>que</span> <span class='ocrx_word' id='word_1_156' title='bbox 196 1544 409 1586; x_wconf 78' lang='lat' dir='ltr'>diversam</span> <span class='ocrx_word' id='word_1_157' title='bbox 451 1545 535 1586; x_wconf 82' lang='lat' dir='ltr'>iam</span> <span class='ocrx_word' id='word_1_158' title='bbox 575 1545 614 1586; x_wconf 90' lang='lat' dir='ltr'>in</span> <span class='ocrx_word' id='word_1_159' title='bbox 655 1545 839 1602; x_wconf 84' lang='lat' dir='ltr'>antiquis</span> <span class='ocrx_word' id='word_1_160' title='bbox 879 1545 1087 1594; x_wconf 87' lang='lat' dir='ltr'>fontibus,</span> <span class='ocrx_word' id='word_1_161' title='bbox 1136 1560 1157 1585; x_wconf 91' lang='lat' dir='ltr'>e</span> <span class='ocrx_word' id='word_1_162' title='bbox 1205 1545 1359 1602; x_wconf 89' lang='lat' dir='ltr'>quibus</span> <span class='ocrx_word' id='word_1_163' title='bbox 1404 1545 1701 1587; x_wconf 87' lang='lat' dir='ltr'>recensionum</span> 
     </span>
     <span class='ocr_line' id='line_1_22' title="bbox 77 1614 1701 1670; baseline 0.001 -15"><span class='ocrx_word' id='word_1_164' title='bbox 77 1622 271 1655; x_wconf 83' lang='lat' dir='ltr'>auctores</span> <span class='ocrx_word' id='word_1_165' title='bbox 293 1614 543 1664; x_wconf 84' lang='lat' dir='ltr'>hauserunt,</span> <span class='ocrx_word' id='word_1_166' title='bbox 566 1615 814 1656; x_wconf 85' lang='lat' dir='ltr'>memoriam</span> <span class='ocrx_word' id='word_1_167' title='bbox 837 1615 965 1656; x_wconf 86' lang='lat' dir='ltr'>fuisse</span> <span class='ocrx_word' id='word_1_168' title='bbox 991 1615 1230 1656; x_wconf 80' lang='lat' dir='ltr'>statuimus.</span> <span class='ocrx_word' id='word_1_169' title='bbox 1277 1620 1406 1670; x_wconf 86' lang='lat' dir='ltr'>atque</span> <span class='ocrx_word' id='word_1_170' title='bbox 1424 1614 1701 1657; x_wconf 84' lang='lat' dir='ltr'>Ambrosiani</span> 
     </span>
     <span class='ocr_line' id='line_1_23' title="bbox 77 1682 1701 1738; baseline 0.001 -15"><span class='ocrx_word' id='word_1_171' title='bbox 77 1682 282 1723; x_wconf 88' lang='lat' dir='ltr'>memoria</span> <span class='ocrx_word' id='word_1_172' title='bbox 335 1682 385 1722; x_wconf 81' lang='lat' dir='ltr'>ad</span> <span class='ocrx_word' id='word_1_173' title='bbox 442 1697 615 1723; x_wconf 87' lang='lat' dir='ltr'>manum</span> <span class='ocrx_word' id='word_1_174' title='bbox 667 1683 802 1738; x_wconf 82' lang='lat' dir='ltr'>ipsius</span> <span class='ocrx_word' id='word_1_175' title='bbox 855 1682 1001 1723; x_wconf 83' lang='lat' dir='ltr'>Plauti</span> <span class='ocrx_word' id='word_1_176' title='bbox 1053 1682 1228 1737; x_wconf 89' lang='lat' dir='ltr'>propius</span> <span class='ocrx_word' id='word_1_177' title='bbox 1282 1682 1485 1724; x_wconf 86' lang='lat' dir='ltr'>accedere</span> <span class='ocrx_word' id='word_1_178' title='bbox 1532 1683 1701 1724; x_wconf 89' lang='lat' dir='ltr'>videtur</span> 
     </span>
     <span class='ocr_line' id='line_1_24' title="bbox 72 1750 1699 1808; baseline 0.001 -17"><span class='ocrx_word' id='word_1_179' title='bbox 72 1766 200 1806; x_wconf 86' lang='lat' dir='ltr'>quam</span> <span class='ocrx_word' id='word_1_180' title='bbox 233 1750 282 1800; x_wconf 89' lang='lat' dir='ltr'>P,</span> <span class='ocrx_word' id='word_1_181' title='bbox 315 1750 388 1791; x_wconf 84' lang='lat' dir='ltr'>sed</span> <span class='ocrx_word' id='word_1_182' title='bbox 422 1751 735 1792; x_wconf 82' lang='lat' dir='ltr'>retractationis</span> <span class='ocrx_word' id='word_1_183' title='bbox 774 1751 912 1792; x_wconf 80' lang='lat' dir='ltr'>factae</span> <span class='ocrx_word' id='word_1_184' title='bbox 951 1753 992 1792; x_wconf 90' lang='lat' dir='ltr'>in</span> <span class='ocrx_word' id='word_1_185' title='bbox 1033 1766 1081 1792; x_wconf 91' lang='lat' dir='ltr'>eo</span> <span class='ocrx_word' id='word_1_186' title='bbox 1122 1766 1290 1808; x_wconf 88' lang='lat' dir='ltr'>quoque</span> <span class='ocrx_word' id='word_1_187' title='bbox 1324 1752 1552 1808; x_wconf 86' lang='lat' dir='ltr'>vestigium</span> <span class='ocrx_word' id='word_1_188' title='bbox 1596 1752 1699 1794; x_wconf 86' lang='lat' dir='ltr'>satis</span> 
     </span>
     <span class='ocr_line' id='line_1_25' title="bbox 71 1820 1698 1875; baseline 0.001 -15"><span class='ocrx_word' id='word_1_189' title='bbox 71 1821 344 1875; x_wconf 88' lang='lat' dir='ltr'>perspicuum</span> <span class='ocrx_word' id='word_1_190' title='bbox 378 1829 582 1875; x_wconf 86' lang='lat' dir='ltr'>superest.</span> <span class='ocrx_word' id='word_1_191' title='bbox 643 1826 757 1860; x_wconf 87' lang='lat' dir='ltr'>recte</span> <span class='ocrx_word' id='word_1_192' title='bbox 790 1820 902 1861; x_wconf 89' lang='lat' dir='ltr'>enim</span> <span class='ocrx_word' id='word_1_193' title='bbox 942 1827 1165 1861; x_wconf 90' lang='lat' dir='ltr'>senserunt</span> <span class='ocrx_word' id='word_1_194' title='bbox 1197 1820 1276 1861; x_wconf 91' lang='lat' dir='ltr'>viri</span> <span class='ocrx_word' id='word_1_195' title='bbox 1320 1821 1434 1862; x_wconf 92' lang='lat' dir='ltr'>docti</span> <span class='ocrx_word' id='word_1_196' title='bbox 1465 1822 1506 1861; x_wconf 90' lang='lat' dir='ltr'>in</span> <span class='ocrx_word' id='word_1_197' title='bbox 1540 1822 1576 1862; x_wconf 81' lang='lat' dir='ltr'><strong>A</strong></span> <span class='ocrx_word' id='word_1_198' title='bbox 1609 1836 1698 1862; x_wconf 88' lang='lat' dir='ltr'>sen-</span> 
     </span>
     <span class='ocr_line' id='line_1_26' title="bbox 71 1888 1698 1944; baseline 0 -13"><span class='ocrx_word' id='word_1_199' title='bbox 71 1889 247 1931; x_wconf 84' lang='lat' dir='ltr'>tentiam</span> <span class='ocrx_word' id='word_1_200' title='bbox 272 1889 572 1930; x_wconf 87' lang='lat' dir='ltr'>detrimentum</span> <span class='ocrx_word' id='word_1_201' title='bbox 596 1888 811 1944; x_wconf 84' lang='lat' dir='ltr'>quoddam</span> <span class='ocrx_word' id='word_1_202' title='bbox 844 1889 923 1929; x_wconf 85' lang='lat' dir='ltr'>etsi</span> <span class='ocrx_word' id='word_1_203' title='bbox 955 1903 1039 1929; x_wconf 86' lang='lat' dir='ltr'>non</span> <span class='ocrx_word' id='word_1_204' title='bbox 1071 1903 1204 1943; x_wconf 82' lang='lat' dir='ltr'>grave</span> <span class='ocrx_word' id='word_1_205' title='bbox 1226 1890 1373 1930; x_wconf 88' lang='lat' dir='ltr'>tulisse</span> <span class='ocrx_word' id='word_1_206' title='bbox 1406 1897 1446 1930; x_wconf 91' lang='lat' dir='ltr'>et</span> <span class='ocrx_word' id='word_1_207' title='bbox 1470 1889 1698 1931; x_wconf 88' lang='lat' dir='ltr'>subvenire</span> 
     </span>
     <span class='ocr_line' id='line_1_27' title="bbox 72 1956 1698 2014; baseline 0.001 -15"><span class='ocrx_word' id='word_1_208' title='bbox 72 1957 328 1999; x_wconf 87' lang='lat' dir='ltr'>studuerunt</span> <span class='ocrx_word' id='word_1_209' title='bbox 367 1957 610 1998; x_wconf 84' lang='lat' dir='ltr'>coniectura</span> <span class='ocrx_word' id='word_1_210' title='bbox 647 1971 805 2005; x_wconf 85' lang='lat' dir='ltr'>,amore</span> <span class='ocrx_word' id='word_1_211' title='bbox 843 1956 887 1997; x_wconf 90' lang='lat' dir='ltr'>id</span> <span class='ocrx_word' id='word_1_212' title='bbox 919 1956 1215 2005; x_wconf 79' lang='lat' dir='ltr'>delectavero‘,</span> <span class='ocrx_word' id='word_1_213' title='bbox 1258 1957 1311 1998; x_wconf 83' lang='lat' dir='ltr'>ab</span> <span class='ocrx_word' id='word_1_214' title='bbox 1344 1967 1525 2014; x_wconf 85' lang='lat' dir='ltr'>utraque</span> <span class='ocrx_word' id='word_1_215' title='bbox 1556 1973 1698 2000; x_wconf 89' lang='lat' dir='ltr'>recen-</span> 
     </span>
     <span class='ocr_line' id='line_1_28' title="bbox 74 2025 1696 2081; baseline 0.002 -14"><span class='ocrx_word' id='word_1_216' title='bbox 74 2027 192 2068; x_wconf 83' lang='lat' dir='ltr'>sione</span> <span class='ocrx_word' id='word_1_217' title='bbox 224 2032 370 2067; x_wconf 87' lang='lat' dir='ltr'>contra</span> <span class='ocrx_word' id='word_1_218' title='bbox 409 2028 613 2066; x_wconf 88' lang='lat' dir='ltr'>rationem</span> <span class='ocrx_word' id='word_1_219' title='bbox 649 2025 936 2077; x_wconf 70' lang='lat' dir='ltr'>discedentes,</span> <span class='ocrx_word' id='word_1_220' title='bbox 978 2041 1078 2066; x_wconf 83' lang='lat' dir='ltr'>nam</span> <span class='ocrx_word' id='word_1_221' title='bbox 1108 2034 1201 2067; x_wconf 84' lang='lat' dir='ltr'>utut</span> <span class='ocrx_word' id='word_1_222' title='bbox 1241 2027 1284 2067; x_wconf 90' lang='lat' dir='ltr'>in</span> <span class='ocrx_word' id='word_1_223' title='bbox 1316 2027 1534 2081; x_wconf 85' lang='lat' dir='ltr'>superiore</span> <span class='ocrx_word' id='word_1_224' title='bbox 1572 2043 1696 2070; x_wconf 87' lang='lat' dir='ltr'>versu</span> 
     </span>
     <span class='ocr_line' id='line_1_29' title="bbox 71 2094 1698 2152; baseline 0.002 -17"><span class='ocrx_word' id='word_1_225' title='bbox 71 2094 340 2136; x_wconf 83' lang='lat' dir='ltr'>recensiones</span> <span class='ocrx_word' id='word_1_226' title='bbox 379 2094 560 2144; x_wconf 87' lang='lat' dir='ltr'>distant,</span> <span class='ocrx_word' id='word_1_227' title='bbox 601 2094 779 2135; x_wconf 84' lang='lat' dir='ltr'>alterum</span> <span class='ocrx_word' id='word_1_228' title='bbox 822 2110 842 2133; x_wconf 80' lang='lat' dir='ltr'>e</span> <span class='ocrx_word' id='word_1_229' title='bbox 875 2094 1088 2135; x_wconf 84' lang='lat' dir='ltr'>communi</span> <span class='ocrx_word' id='word_1_230' title='bbox 1130 2095 1363 2151; x_wconf 82' lang='lat' dir='ltr'>archetypo</span> <span class='ocrx_word' id='word_1_231' title='bbox 1401 2095 1597 2152; x_wconf 86' lang='lat' dir='ltr'>religiose</span> <span class='ocrx_word' id='word_1_232' title='bbox 1629 2111 1698 2139; x_wconf 85' lang='lat' dir='ltr'>ex-</span> 
     </span>
     <span class='ocr_line' id='line_1_30' title="bbox 46 2162 1699 2220; baseline 0.001 -16"><span class='ocrx_word' id='word_1_233' title='bbox 46 2168 338 2219; x_wconf 79' lang='lat' dir='ltr'>&#39;presserunt3</span> <span class='ocrx_word' id='word_1_234' title='bbox 384 2178 522 2220; x_wconf 92' lang='lat' dir='ltr'>neque</span> <span class='ocrx_word' id='word_1_235' title='bbox 563 2163 679 2204; x_wconf 91' lang='lat' dir='ltr'>vocis</span> <span class='ocrx_word' id='word_1_236' title='bbox 718 2164 762 2203; x_wconf 69' lang='lat' dir='ltr'>id</span> <span class='ocrx_word' id='word_1_237' title='bbox 799 2162 964 2217; x_wconf 81' lang='lat' dir='ltr'>indiget</span> <span class='ocrx_word' id='word_1_238' title='bbox 1001 2163 1194 2204; x_wconf 88' lang='lat' dir='ltr'>recensio</span> <span class='ocrx_word' id='word_1_239' title='bbox 1230 2163 1452 2214; x_wconf 75' lang='lat' dir='ltr'>Palatina3</span> <span class='ocrx_word' id='word_1_240' title='bbox 1499 2165 1572 2206; x_wconf 88' lang='lat' dir='ltr'>sed</span> <span class='ocrx_word' id='word_1_241' title='bbox 1618 2165 1699 2207; x_wconf 91' lang='lat' dir='ltr'>hoc</span> 
     </span>
     <span class='ocr_line' id='line_1_31' title="bbox 71 2231 1699 2289; baseline 0.002 -17"><span class='ocrx_word' id='word_1_242' title='bbox 71 2232 226 2288; x_wconf 89' lang='lat' dir='ltr'>ipsum,</span> <span class='ocrx_word' id='word_1_243' title='bbox 259 2231 372 2289; x_wconf 89' lang='lat' dir='ltr'>quod</span> <span class='ocrx_word' id='word_1_244' title='bbox 412 2233 457 2272; x_wconf 75' lang='lat' dir='ltr'>id</span> <span class='ocrx_word' id='word_1_245' title='bbox 487 2232 530 2272; x_wconf 91' lang='lat' dir='ltr'>in</span> <span class='ocrx_word' id='word_1_246' title='bbox 563 2242 713 2272; x_wconf 84' lang='lat' dir='ltr'>neutra</span> <span class='ocrx_word' id='word_1_247' title='bbox 744 2231 990 2272; x_wconf 87' lang='lat' dir='ltr'>recensione</span> <span class='ocrx_word' id='word_1_248' title='bbox 1031 2240 1163 2282; x_wconf 83' lang='lat' dir='ltr'>extat,</span> <span class='ocrx_word' id='word_1_249' title='bbox 1192 2232 1395 2274; x_wconf 79' lang='lat' dir='ltr'>‘dilucide</span> <span class='ocrx_word' id='word_1_250' title='bbox 1435 2233 1699 2276; x_wconf 87' lang='lat' dir='ltr'>demonstrat</span> 
     </span>
     <span class='ocr_line' id='line_1_32' title="bbox 72 2300 1697 2355; baseline 0.002 -14"><span class='ocrx_word' id='word_1_251' title='bbox 72 2300 115 2341; x_wconf 89' lang='lat' dir='ltr'>in</span> <span class='ocrx_word' id='word_1_252' title='bbox 159 2301 372 2342; x_wconf 91' lang='lat' dir='ltr'>communi</span> <span class='ocrx_word' id='word_1_253' title='bbox 413 2300 646 2355; x_wconf 76' lang='lat' dir='ltr'>archetypo</span> <span class='ocrx_word' id='word_1_254' title='bbox 684 2300 911 2341; x_wconf 77' lang='lat' dir='ltr'>relativum</span> <span class='ocrx_word' id='word_1_255' title='bbox 945 2302 1051 2355; x_wconf 76' lang='lat' dir='ltr'>quod</span> <span class='ocrx_word' id='word_1_256' title='bbox 1081 2300 1122 2340; x_wconf 92' lang='lat' dir='ltr'>in</span> <span class='ocrx_word' id='word_1_257' title='bbox 1157 2301 1188 2341; x_wconf 85' lang='lat' dir='ltr'>P</span> <span class='ocrx_word' id='word_1_258' title='bbox 1220 2301 1362 2343; x_wconf 86' lang='lat' dir='ltr'>adhuc</span> <span class='ocrx_word' id='word_1_259' title='bbox 1395 2302 1597 2344; x_wconf 82' lang='lat' dir='ltr'>traditum</span> <span class='ocrx_word' id='word_1_260' title='bbox 1629 2317 1697 2344; x_wconf 87' lang='lat' dir='ltr'>ex—</span> 
     </span>
     <span class='ocr_line' id='line_1_33' title="bbox 74 2368 1698 2426; baseline 0.001 -16"><span class='ocrx_word' id='word_1_261' title='bbox 74 2369 221 2419; x_wconf 87' lang='lat' dir='ltr'>titisse,</span> <span class='ocrx_word' id='word_1_262' title='bbox 253 2369 295 2409; x_wconf 91' lang='lat' dir='ltr'>in</span> <span class='ocrx_word' id='word_1_263' title='bbox 328 2368 606 2410; x_wconf 85' lang='lat' dir='ltr'>Ambrosiani</span> <span class='ocrx_word' id='word_1_264' title='bbox 638 2378 779 2410; x_wconf 86' lang='lat' dir='ltr'>autem</span> <span class='ocrx_word' id='word_1_265' title='bbox 811 2369 1045 2423; x_wconf 75' lang='lat' dir='ltr'>archetypo</span> <span class='ocrx_word' id='word_1_266' title='bbox 1077 2369 1168 2410; x_wconf 90' lang='lat' dir='ltr'>eius</span> <span class='ocrx_word' id='word_1_267' title='bbox 1199 2370 1292 2410; x_wconf 90' lang='lat' dir='ltr'>loco</span> <span class='ocrx_word' id='word_1_268' title='bbox 1316 2384 1463 2412; x_wconf 71' lang='lat' dir='ltr'>vocem</span> <span class='ocrx_word' id='word_1_269' title='bbox 1495 2372 1578 2411; x_wconf 69' lang='lat' dir='ltr'>iam</span> <span class='ocrx_word' id='word_1_270' title='bbox 1608 2385 1698 2426; x_wconf 90' lang='lat' dir='ltr'>per-</span> 
     </span>
     <span class='ocr_line' id='line_1_34' title="bbox 72 2436 1698 2493; baseline 0.001 -14"><span class='ocrx_word' id='word_1_271' title='bbox 72 2452 220 2493; x_wconf 83' lang='lat' dir='ltr'>peram</span> <span class='ocrx_word' id='word_1_272' title='bbox 242 2436 479 2479; x_wconf 76' lang='lat' dir='ltr'>subiectam</span> <span class='ocrx_word' id='word_1_273' title='bbox 513 2452 629 2487; x_wconf 78' lang='lat' dir='ltr'>esse3</span> <span class='ocrx_word' id='word_1_274' title='bbox 654 2452 779 2493; x_wconf 82' lang='lat' dir='ltr'>quem</span> <span class='ocrx_word' id='word_1_275' title='bbox 804 2439 1038 2478; x_wconf 85' lang='lat' dir='ltr'>sententiae</span> <span class='ocrx_word' id='word_1_276' title='bbox 1064 2438 1224 2478; x_wconf 86' lang='lat' dir='ltr'>hiatum</span> <span class='ocrx_word' id='word_1_277' title='bbox 1247 2438 1345 2479; x_wconf 87' lang='lat' dir='ltr'>inde</span> <span class='ocrx_word' id='word_1_278' title='bbox 1369 2438 1468 2479; x_wconf 87' lang='lat' dir='ltr'>oriri</span> <span class='ocrx_word' id='word_1_279' title='bbox 1491 2454 1566 2479; x_wconf 91' lang='lat' dir='ltr'>nos</span> <span class='ocrx_word' id='word_1_280' title='bbox 1598 2454 1698 2480; x_wconf 87' lang='lat' dir='ltr'>sane</span> 
     </span>
     <span class='ocr_line' id='line_1_35' title="bbox 74 2505 1698 2563; baseline 0.001 -17"><span class='ocrx_word' id='word_1_281' title='bbox 74 2505 469 2555; x_wconf 80' lang='lat' dir='ltr'>animadvertimus,</span> <span class='ocrx_word' id='word_1_282' title='bbox 504 2520 585 2547; x_wconf 89' lang='lat' dir='ltr'>non</span> <span class='ocrx_word' id='word_1_283' title='bbox 608 2506 707 2547; x_wconf 88' lang='lat' dir='ltr'>item</span> <span class='ocrx_word' id='word_1_284' title='bbox 733 2506 1034 2547; x_wconf 83' lang='lat' dir='ltr'>animadvertit</span> <span class='ocrx_word' id='word_1_285' title='bbox 1057 2507 1127 2563; x_wconf 90' lang='lat' dir='ltr'>qui</span> <span class='ocrx_word' id='word_1_286' title='bbox 1150 2522 1321 2547; x_wconf 82' lang='lat' dir='ltr'>versum</span> <span class='ocrx_word' id='word_1_287' title='bbox 1343 2506 1484 2560; x_wconf 68' lang='lat' dir='ltr'>finxitg</span> <span class='ocrx_word' id='word_1_288' title='bbox 1516 2507 1698 2548; x_wconf 88' lang='lat' dir='ltr'>eundem</span> 
     </span>
     <span class='ocr_line' id='line_1_36' title="bbox 72 2573 1699 2630; baseline 0.001 -15"><span class='ocrx_word' id='word_1_289' title='bbox 72 2573 200 2615; x_wconf 86' lang='lat' dir='ltr'>etiam</span> <span class='ocrx_word' id='word_1_290' title='bbox 246 2573 348 2616; x_wconf 86' lang='lat' dir='ltr'>alibi</span> <span class='ocrx_word' id='word_1_291' title='bbox 388 2589 562 2616; x_wconf 86' lang='lat' dir='ltr'>versum</span> <span class='ocrx_word' id='word_1_292' title='bbox 601 2575 792 2630; x_wconf 82' lang='lat' dir='ltr'>tetigisse</span> <span class='ocrx_word' id='word_1_293' title='bbox 833 2589 885 2615; x_wconf 81' lang='lat' dir='ltr'>ex</span> <span class='ocrx_word' id='word_1_294' title='bbox 925 2575 1094 2616; x_wconf 90' lang='lat' dir='ltr'>insolito</span> <span class='ocrx_word' id='word_1_295' title='bbox 1135 2575 1253 2617; x_wconf 90' lang='lat' dir='ltr'>verbi</span> <span class='ocrx_word' id='word_1_296' title='bbox 1292 2576 1479 2616; x_wconf 68' lang='lat' dir='ltr'>relicuom</span> <span class='ocrx_word' id='word_1_297' title='bbox 1519 2582 1699 2618; x_wconf 88' lang='lat' dir='ltr'>accentu</span> 
     </span>
    </p>
   </div>
   <div class='ocr_carea' id='block_1_2' title="bbox 72 2744 1700 2845">
    <p class='ocr_par' dir='ltr' id='par_1_7' title="bbox 72 2744 1700 2845">
     <span class='ocr_line' id='line_1_37' title="bbox 188 2744 1700 2790; baseline 0.001 -12"><span class='ocrx_word' id='word_1_298' title='bbox 188 2745 215 2789; x_wconf 82' lang='lat'>¹)</span> <span class='ocrx_word' id='word_1_299' title='bbox 239 2744 397 2779; x_wconf 88' lang='lat' dir='ltr'>Prorsus</span> <span class='ocrx_word' id='word_1_300' title='bbox 435 2744 507 2778; x_wconf 84' lang='lat' dir='ltr'>alio</span> <span class='ocrx_word' id='word_1_301' title='bbox 539 2745 648 2779; x_wconf 89' lang='lat' dir='ltr'>modo</span> <span class='ocrx_word' id='word_1_302' title='bbox 682 2748 719 2778; x_wconf 85' lang='lat' dir='ltr'>et</span> <span class='ocrx_word' id='word_1_303' title='bbox 750 2745 846 2779; x_wconf 88' lang='lat' dir='ltr'>hunc</span> <span class='ocrx_word' id='word_1_304' title='bbox 880 2746 1002 2779; x_wconf 86' lang='lat' dir='ltr'>locum</span> <span class='ocrx_word' id='word_1_305' title='bbox 1037 2746 1215 2779; x_wconf 78' lang='lat' dir='ltr'>tractavit</span> <span class='ocrx_word' id='word_1_306' title='bbox 1241 2745 1482 2789; x_wconf 76' lang='lat' dir='ltr'>Niemeyerus</span> <span class='ocrx_word' id='word_1_307' title='bbox 1514 2757 1547 2790; x_wconf 87' lang='lat' dir='ltr'>p.</span> <span class='ocrx_word' id='word_1_308' title='bbox 1580 2745 1625 2780; x_wconf 82' lang='lat'>32</span> <span class='ocrx_word' id='word_1_309' title='bbox 1662 2747 1700 2779; x_wconf 71' lang='lat' dir='ltr'>et</span> 
     </span>
     <span class='ocr_line' id='line_1_38' title="bbox 72 2801 530 2845; baseline -0.002 -10"><span class='ocrx_word' id='word_1_310' title='bbox 72 2801 183 2836; x_wconf 81' lang='lat' dir='ltr'>Mero.</span> <span class='ocrx_word' id='word_1_311' title='bbox 207 2802 273 2836; x_wconf 72' lang='lat'>547</span> <span class='ocrx_word' id='word_1_312' title='bbox 299 2812 350 2844; x_wconf 91' lang='lat' dir='ltr'>sq.</span> <span class='ocrx_word' id='word_1_313' title='bbox 374 2813 409 2845; x_wconf 89' lang='lat' dir='ltr'>p.</span> <span class='ocrx_word' id='word_1_314' title='bbox 435 2802 454 2834; x_wconf 75' lang='lat'>7</span> <span class='ocrx_word' id='word_1_315' title='bbox 480 2812 530 2845; x_wconf 88' lang='lat' dir='ltr'>sq.</span> 
     </span>
    </p>
   </div>
   <div class='ocr_carea' id='block_1_3' title="bbox 76 2868 1700 2972">
    <p class='ocr_par' dir='ltr' id='par_1_8' title="bbox 76 2868 1700 2972">
     <span class='ocr_line' id='line_1_39' title="bbox 187 2868 1700 2913; baseline 0 -11"><span class='ocrx_word' id='word_1_316' title='bbox 187 2869 216 2911; x_wconf 81' lang='grc'>2)</span> <span class='ocrx_word' id='word_1_317' title='bbox 240 2870 439 2913; x_wconf 80' lang='lat' dir='ltr'>reliquumst</span> <span class='ocrx_word' id='word_1_318' title='bbox 471 2868 599 2902; x_wconf 83' lang='lat' dir='ltr'>BCD.</span> <span class='ocrx_word' id='word_1_319' title='bbox 631 2879 698 2912; x_wconf 90' lang='lat' dir='ltr'>pro</span> <span class='ocrx_word' id='word_1_320' title='bbox 731 2880 802 2911; x_wconf 88' lang='lat' dir='ltr'>quo</span> <span class='ocrx_word' id='word_1_321' title='bbox 835 2869 954 2902; x_wconf 88' lang='lat' dir='ltr'>forma</span> <span class='ocrx_word' id='word_1_322' title='bbox 986 2869 1261 2912; x_wconf 71' lang='lat' dir='ltr'>quadrisyllaba</span> <span class='ocrx_word' id='word_1_323' title='bbox 1295 2868 1527 2903; x_wconf 81' lang='lat' dir='ltr'>restituenda</span> <span class='ocrx_word' id='word_1_324' title='bbox 1559 2872 1632 2909; x_wconf 79' lang='lat' dir='ltr'>est,</span> <span class='ocrx_word' id='word_1_325' title='bbox 1668 2868 1700 2902; x_wconf 81' lang='lat' dir='ltr'>si</span> 
     </span>
     <span class='ocr_line' id='line_1_40' title="bbox 76 2924 1638 2972; baseline 0.001 -14"><span class='ocrx_word' id='word_1_326' title='bbox 76 2925 222 2971; x_wconf 79' lang='lat' dir='ltr'>quidem</span> <span class='ocrx_word' id='word_1_327' title='bbox 255 2936 380 2960; x_wconf 83' lang='lat' dir='ltr'>versus</span> <span class='ocrx_word' id='word_1_328' title='bbox 414 2926 640 2965; x_wconf 82' lang='lat' dir='ltr'>formarunt,</span> <span class='ocrx_word' id='word_1_329' title='bbox 682 2925 742 2971; x_wconf 77' lang='lat' dir='ltr'>qui</span> <span class='ocrx_word' id='word_1_330' title='bbox 770 2925 1015 2960; x_wconf 81' lang='lat' dir='ltr'>retractandis</span> <span class='ocrx_word' id='word_1_331' title='bbox 1043 2926 1244 2960; x_wconf 84' lang='lat' dir='ltr'>comoediis</span> <span class='ocrx_word' id='word_1_332' title='bbox 1270 2936 1420 2972; x_wconf 85' lang='lat' dir='ltr'>operam</span> <span class='ocrx_word' id='word_1_333' title='bbox 1446 2924 1638 2960; x_wconf 77' lang='lat' dir='ltr'>dederunt.</span> 
     </span>
    </p>
   </div>
  </div>
 </body>
</html>
