2020 3278
863 146 937 189 119

87 283 288 326 videlicet
333 298 442 337 quac
490 284 793 337 grammaticos
849 282 1042 338 inprimis
1087 281 1142 323 ad
1197 281 1450 322 mutationes
1496 279 1713 322 faciendas

88 359 408 393 commoverunt
440 352 637 401 rationes,
672 351 870 407 prosodia
904 358 1079 402 vetusta,
1114 350 1275 391 formae
1307 348 1542 402 obsoletae,
1583 356 1714 390 struc-

88 428 208 461 turae
254 419 569 472 insolentiores,
629 419 801 461 easdem
847 420 941 475 quis
989 419 1213 474 negaverit
1261 418 1388 459 etiam
1436 417 1714 459 histrionibus

86 489 272 545 potuisse
318 503 464 530 ansam
513 488 615 530 dare
662 488 899 529 mutandi?
933 502 1071 543 neque
1118 486 1254 541 magis
1294 485 1346 527 de
1392 486 1591 528 scaenica
1635 485 1715 527 dis-

85 558 401 614 crepantiarum
434 557 598 611 origine
623 556 819 598 omnibus
853 555 965 607 locis,
1001 569 1105 611 quos
1138 555 1179 595 in
1214 554 1292 595 hoc
1324 563 1453 610 caput
1483 568 1714 609 congrega-

88 627 246 674 vimus,
294 625 420 681 plane
465 625 586 666 nobis
625 625 834 677 constitit3
882 625 1009 665 immo
1053 622 1165 664 haud
1212 623 1271 664 ita
1309 637 1405 664 raro
1444 622 1716 676 grammatici

89 710 258 751 quoque
281 709 424 735 merae
448 693 638 735 mutandi
662 693 829 735 libidini
851 693 940 734 fere
966 691 1148 733 eundem
1171 692 1213 732 in
1236 691 1409 733 modum
1431 690 1711 734 indulserunt.

85 762 159 804 sed
200 763 402 819 quoniam
449 761 639 816 singulos
686 761 801 803 locos
848 761 974 802 certis
1022 759 1266 815 corrigendi
1305 759 1537 815 generibus
1576 758 1714 801 subici

86 832 374 872 necessarium
405 838 508 879 erat,
531 829 705 871 alterius
746 830 881 870 utrius
922 830 1091 884 generis
1134 829 1445 885 discrepantias
1477 827 1713 883 scripturae

85 899 269 956 propriis
288 899 502 955 capitibus
521 898 939 954 comprehendimuS,
962 913 1044 939 non
1063 912 1321 954 unoquoque
1341 897 1431 939 loco
1450 896 1716 939 differentiae

88 969 296 1023 originem
329 974 402 1009 aut
422 967 749 1023 grammaticam
772 974 846 1008 aut
875 966 1117 1008 scaenicam
1140 966 1415 1022 spondentes,
1449 965 1536 1018 sed,
1571 977 1716 1020 quam-

87 1038 150 1078 vis
184 1038 223 1078 in
257 1037 504 1079 universum
536 1035 820 1092 bipertitionis
843 1035 1061 1077 institutae
1093 1035 1256 1076 ratione
1288 1034 1409 1075 firme
1432 1033 1711 1084 confidamus,

86 1107 127 1147 in
159 1104 339 1160 singulis
364 1112 507 1146 tamen
541 1104 584 1145 id
607 1104 894 1146 cummaxime
926 1111 1188 1160 appetentes,
1223 1111 1267 1144 ut
1289 1102 1448 1144 similes
1482 1101 1595 1143 locos
1618 1116 1717 1143 cum

89 1173 298 1215 similibus
330 1173 619 1215 conferremus
651 1180 691 1213 et
722 1172 906 1214 rationes
945 1171 1188 1227 corrigendi
1229 1170 1539 1212 dilucidissime
1579 1178 1715 1211 osten-

85 1242 293 1285 deremus.
341 1256 470 1298 quam
490 1241 696 1283 rationem
719 1241 754 1282 si
779 1240 847 1281 hic
871 1239 958 1281 illio
982 1239 1062 1282 viri
1089 1239 1203 1281 docti
1227 1238 1537 1295 improbabunt
1568 1247 1609 1280 et
1634 1237 1712 1280 sub

87 1309 205 1352 aliud
237 1318 365 1367 atque
408 1325 483 1352 nos
522 1309 855 1351 iudicaverimus
900 1323 1035 1364 genus
1068 1307 1312 1364 corrigendi
1356 1307 1565 1364 quosdam
1598 1307 1712 1350 locos

85 1378 241 1421 cadere
272 1378 615 1431 arbitrabuntur,
657 1393 741 1419 non
781 1376 1059 1419 labefactabit
1097 1377 1248 1432 opinor
1289 1385 1362 1418 aut
1399 1377 1577 1417 rationis
1608 1376 1716 1418 veri-

85 1455 215 1489 tatem
256 1456 330 1489 aut
370 1448 483 1504 quod
523 1463 575 1489 ex
610 1454 753 1488 nostra
792 1446 1062 1487 enarratione
1101 1452 1388 1501 consequatur
1425 1444 1631 1487 iudicium
1663 1443 1716 1485 de

87 1516 381 1558 recensionum
416 1517 682 1558 auctoritate.

198 1584 256 1627 Ut
286 1584 341 1625 ad
373 1584 512 1640 ipsam
553 1600 644 1626 rem
668 1584 783 1625 viam
815 1583 936 1624 nobis
968 1583 1223 1635 muniamus,
1266 1580 1624 1639 proficiscendum
1649 1589 1716 1623 est

86 1654 138 1696 ab
170 1654 425 1709 archetypo,
464 1669 515 1694 ex
549 1668 632 1707 quo
663 1667 808 1694 omnes
841 1651 1008 1693 codices
1041 1651 1230 1692 Plautini
1262 1650 1461 1706 pendent.
1502 1650 1546 1691 in
1587 1664 1714 1704 quem

85 1723 185 1779 quin
235 1737 287 1763 ex
321 1722 404 1763 alio
451 1721 637 1775 quodam
684 1719 922 1775 exemplari
961 1720 1138 1761 histrico
1185 1719 1294 1774 (sive
1338 1719 1462 1775 plura
1494 1719 1716 1774 malueris)

85 1805 170 1832 non
202 1804 339 1845 pauca
381 1789 587 1830 translata
610 1788 693 1829 sint
735 1803 858 1829 nemo
882 1788 1107 1844 dubitat.1)
1159 1804 1211 1830 ex
1245 1789 1365 1830 cuius
1390 1788 1451 1829 rei
1481 1787 1716 1828 manifestis

86 1872 196 1912 quae
219 1866 389 1912 praesto
414 1866 511 1898 sunt
536 1858 801 1912 argumentis
824 1872 1108 1898 commemoro
1129 1857 1311 1898 Poenuli
1333 1857 1514 1898 alterum
1538 1856 1714 1906 exitum,

85 1926 157 1980 qui
182 1940 264 1966 non
290 1925 414 1966 aliter
436 1933 564 1979 atque
588 1925 779 1966 Andriae
802 1924 1007 1976 Terentii,
1031 1940 1127 1968 cum
1149 1925 1296 1967 fabula
1319 1927 1474 1967 iterum
1499 1932 1712 1981 ageretur,

86 1995 139 2036 ab
189 1994 467 2036 histrionibus
514 1994 556 2034 in
604 1994 744 2034 locum
793 2008 888 2034 vere
927 1994 1117 2036 Plautini
1164 1994 1383 2036 subiectus
1421 2002 1497 2036 est.
1566 1993 1715 2035 eadem

87 2063 314 2105 intercedit
345 2063 540 2104 condicio
578 2063 688 2104 inter
730 2063 899 2103 Poenuli
935 2078 1083 2104 versus
1115 2062 1354 2105 275-280
1385 2070 1426 2103 et
1457 2061 1714 2112 289—296‚

88 2148 269 2189 quorum
317 2147 411 2174 cum
461 2132 501 2172 hi
548 2131 849 2173 nonnullorum
897 2147 1098 2173 versuum
1145 2132 1284 2186 spatio
1326 2130 1379 2172 ab
1416 2131 1501 2172 illis
1543 2130 1715 2180 distent,

88 2201 363 2242 manifestum
396 2208 457 2241 est
497 2200 675 2241 alteram
710 2214 909 2241 versuum
943 2200 1093 2241 seriem
1117 2216 1169 2241 ex
1204 2200 1288 2241 alio
1309 2200 1425 2241 fonte
1447 2199 1715 2255 desumptam

87 2269 272 2326 primum
306 2269 487 2325 margini
519 2269 781 2324 adscriptam
814 2283 905 2309 esse
945 2277 983 2310 et
1017 2276 1163 2325 postea
1196 2268 1369 2310 demum
1407 2268 1516 2309 falso
1547 2268 1639 2309 loco
1671 2267 1715 2308 in

88 2338 416 2380 continuitatem
470 2352 669 2379 versuum
715 2337 966 2392 inrepsisse3
1018 2346 1240 2394 praeterea
1288 2337 1338 2380 cf.
1385 2337 1627 2379 917—922
1674 2343 1716 2377 et

87 2406 348 2456 923-929,
396 2421 502 2460 quos
535 2407 724 2461 integros
772 2422 972 2448 versuum
1004 2406 1175 2447 ordines
1222 2421 1319 2446 cum
1359 2407 1401 2446 in
1442 2420 1539 2446 suos
1585 2404 1715 2446 libros

87 2476 338 2516 transferret
368 2475 441 2529 qui
472 2475 761 2516 recensionem
790 2475 1028 2530 principem
1059 2474 1255 2524 confecit,
1287 2483 1359 2515 aut
1392 2488 1473 2514 non
1505 2473 1714 2516 intellexit

87 2544 182 2585 illos
213 2558 372 2591 versus,
406 2543 479 2598 qui
512 2558 565 2584 ex
597 2543 834 2600 exemplari
855 2542 1030 2584 histrico
1063 2542 1338 2591 accedebant,
1373 2556 1463 2583 esse
1486 2540 1713 2597 parallelos

87 2612 153 2662 iis,
186 2626 292 2668 quos
324 2611 368 2652 in
401 2626 476 2652 suo
509 2611 745 2667 exemplari
777 2610 1041 2663 inveniebat,
1084 2611 1286 2665 quocirca
1318 2611 1368 2652 iis
1401 2609 1557 2652 librum
1590 2624 1714 2651 suum

89 2680 253 2730 ditavit,
286 2687 359 2723 aut
391 2679 425 2721 si
456 2679 690 2729 intellexit,
730 2694 812 2720 non
853 2694 982 2722 ausus
1024 2688 1086 2721 est
1125 2679 1359 2721 diiudicare
1397 2678 1480 2720 utri
1513 2692 1658 2720 versus
1691 2691 1715 2718 a

205 2850 232 2894 ¹)
258 2850 314 2885 Of.
351 2850 502 2895 egregia
539 2849 685 2885 Goetzii
722 2850 986 2884 commentatio
1023 2850 1175 2894 Dittoyr.
1216 2851 1262 2882 im
1295 2849 1512 2883 Plaueustext
1545 2847 1714 2891 inprimis

89 2918 126 2951 p.
145 2907 210 2941 269
228 2917 304 2950 sqq.
323 2907 388 2942 277
407 2917 496 2951 sqq„
520 2905 584 2940 ubi
603 2905 712 2939 simul
729 2916 866 2940 eorum.
894 2906 955 2949 qui
974 2910 1059 2942 ante
1077 2917 1159 2942 eum
1175 2906 1244 2940 hac
1264 2906 1300 2938 in
1318 2905 1534 2950 quaestione
1552 2903 1716 2939 elabora-

92 2967 190 3007 runt,
215 2964 441 2998 mentionem
466 2963 601 2998 factam
626 2962 801 2997 invenies.
