2020 3278
835 204 911 268 *31

73 360 195 400 pnere
241 344 320 393 nti3
368 343 480 397 quod
528 349 845 398 argumentum,
892 355 976 394 quo
1017 335 1293 379 Ambrosiani
1337 335 1547 389 scriptura
1589 348 1702 374 cver-

78 412 193 460 titur‚
233 411 502 452 futtilissimis
541 409 680 452 verbis
724 408 1007 462 Niemcyerus
1050 407 1293 460 impugnat:
1352 402 1553 444 Plautum
1605 415 1700 443 cum

80 480 164 520 iam
197 494 329 521 senex
359 478 667 520 Truculentum
701 477 940 532 scripsisset
972 483 1010 517 et
1044 473 1158 530 apud
1185 472 1423 514 Caecilium
1453 469 1700 512 Terentium

79 547 304 590 Afranium
353 556 390 588 et
418 562 520 603 puer
566 554 605 588 et
632 560 754 602 puere
800 544 986 586 vocativi
1017 557 1096 584 usu
1120 542 1324 593 venirent,
1359 539 1485 581 etiam
1508 537 1704 579 breviore

75 617 211 658 forma
250 615 308 657 uti
342 615 542 672 potuisse.
604 615 706 655 citat
745 613 876 671 igitur
922 619 1050 653 testes
1099 609 1345 652 Terentium
1392 616 1432 648 et
1477 606 1705 648 Afranium

76 684 230 726 Plauto
262 683 515 739 posteriores
548 690 589 724 et
625 681 871 730 Caecilium,
905 695 1031 735 quem
1059 679 1181 730 ,male
1205 679 1394 719 locutum
1417 682 1522 717 esse‘
1554 673 1705 717 Cicero

77 753 216 807 (Bt-ut.
239 752 340 806 258)
372 759 563 793 testatur.
626 751 699 792 illa
735 757 875 791 autem
908 748 1015 790 ratio
1048 748 1081 789 si
1114 746 1214 801 quid
1246 745 1373 794 valet,
1406 742 1550 785 licebit
1581 742 1704 784 inter-

78 835 248 877 rogare,
286 836 387 862 num
418 822 596 861 fortasse
627 819 806 860 Plautus
839 818 879 859 in
912 816 1142 866 Pseudulo,
1174 830 1302 869 quam
1334 821 1375 855 et
1406 813 1542 868 ipsam
1574 825 1706 853 senex

77 889 267 945 scripsit,
308 888 500 930 breviore
539 890 677 930 forma
719 902 817 928 usus
855 886 921 927 sit.
983 894 1024 926 at
1052 886 1211 926 frustra
1234 883 1345 923 hanc
1369 882 1549 923 formam
1580 893 1706 934 quae-

76 972 142 999 res
190 958 335 998 Pseud.
375 973 412 1000 v,
456 957 550 997 170.
597 957 692 997 241.
740 955 834 996 242.
882 954 985 1003 249,
1049 966 1309 1007 quamquam
1356 965 1395 990 v,
1443 948 1523 990 241
1581 954 1707 1002 poeta

76 1026 166 1067 sine
212 1026 334 1067 metri
372 1025 625 1067 detrimento
671 1039 765 1065 eam
809 1022 964 1064 inferre
1013 1021 1161 1078 potuit.
1221 1034 1351 1073 quam
1395 1017 1518 1059 facile
1565 1024 1707 1058 autem

77 1094 404 1151 grammaticus,
457 1103 502 1136 ut
549 1108 719 1135 versum
773 1093 815 1132 in
873 1093 955 1132 fine
1005 1089 1202 1131 mutilum
1257 1086 1469 1142 expleret,
1522 1084 1566 1125 in
1611 1097 1707 1125 serv

77 1162 298 1205 cuiusdam
330 1162 586 1204 mentionem
620 1161 808 1203 incidere
842 1159 1039 1215 potuerit,
1091 1172 1145 1199 ex
1175 1156 1278 1212 ipsis
1310 1153 1536 1197 Diniarchi
1567 1151 1708 1194 verbis

82 1232 184 1273 satis
216 1231 364 1273 elucet.

198 1310 308 1352 Tmo.
339 1309 422 1351 378

133 1388 190 1431 P:
235 1389 329 1430 Iam
362 1389 543 1431 lauta’s?
603 1389 703 1430 iam
741 1389 822 1444 pol
863 1388 966 1429 mihi
1000 1386 1173 1442 quidem

135 1457 199 1499 A:
245 1457 338 1498 Iam
370 1457 553 1500 lauta’s‘?
585 1457 728 1499 lauta
759 1457 863 1498 mihi
895 1455 1082 1511 quidem.

76 1537 127 1578 de
160 1553 243 1592 quo
275 1553 371 1579 cum
403 1537 460 1579 ita
492 1537 673 1579 disserat
705 1537 934 1592 Nicmeyer
965 1553 1005 1593 p.
1031 1536 1104 1576 10:
1137 1533 1210 1585 ‚Ut
1233 1547 1415 1584 versum,
1449 1530 1521 1586 qui
1553 1529 1710 1571 omissa

78 1620 179 1646 voce
221 1607 330 1646 ίαιιία
365 1617 457 1661 post
491 1607 603 1646 lanta
635 1622 671 1647 es
704 1615 940 1657 corruerat,
984 1610 1173 1655 sanaret,
1215 1599 1443 1642 correctori
1476 1613 1623 1640 versus
1655 1597 1709 1639 28

78 1672 198 1729 (379)
232 1673 357 1724 „Non
391 1675 459 1729 pol
494 1674 599 1715 mihi
631 1675 830 1729 quidem“
857 1673 951 1715 usui
973 1673 1065 1714 fuit.
1126 1669 1454 1727 praeclarum
1487 1681 1608 1708 sane
1641 1672 1715 1707 est

79 1743 428 1798 exemplum!ss
461 1744 503 1784 in
531 1743 626 1784 luce
659 1743 844 1799 caligare
870 1742 1031 1783 mavult
1064 1741 1129 1782 vir
1166 1739 1328 1790 doctus,
1362 1752 1491 1791 quam
1514 1735 1711 1776 facetiam

79 1809 203 1852 huius
236 1812 440 1853 sermonis
473 1812 668 1866 quamvis
701 1825 891 1866 apertam
924 1810 1188 1865 intellegere.
1250 1806 1554 1854 Phronesium,
1601 1818 1711 1859 quae

80 1878 263 1920 lavando
295 1879 472 1921 nimium
507 1889 672 1936 tempus
705 1888 1043 1936 consumpserat,
1090 1877 1273 1919 illudens
1295 1874 1559 1916 Diniarchus
1589 1873 1712 1914 inter-

79 1955 199 2002 rogat
246 1948 358 1996 ‚iani
397 1949 538 1991 lauta
577 1949 700 2002 es'?‘;
751 1949 817 1990 eui
861 1947 1145 1989 Phronesium
1184 1945 1327 1987 dedita
1367 1958 1497 1998 opera
1535 1956 1713 1983 acumen

82 2014 233 2056 horum
267 2017 495 2059 verborum
527 2018 765 2074 perplexim
797 2017 1076 2072 interpretata
1098 2013 1323 2070 respondet
1357 2013 1456 2064 ‚iam
1488 2011 1558 2066 pol
1590 2010 1713 2051 mihi

82 2081 254 2137 quidem
307 2120 315 2128 .
355 2122 362 2130 .
400 2120 408 2128 .
456 2102 556 2128 num
608 2086 706 2128 tibi
759 2085 931 2127 sordere
983 2083 1180 2125 videor‘?‘
1259 2080 1436 2123 ridicule
1477 2080 1561 2120 iam
1601 2093 1714 2120 nunc

84 2151 349 2195 Diniarchus
389 2155 477 2196 eius
515 2154 646 2197 verba
681 2155 869 2196 imitatus
919 2168 1016 2203 ‚non
1047 2152 1144 2208 pol‘,
1179 2152 1330 2205 inquit,
1362 2149 1480 2202 ‚mihi
1513 2148 1712 2202 quidem‘.

87 2237 197 2279 quae
232 2222 495 2278 lepidissima
525 2223 738 2264 cavillatio
770 2222 1072 2279 pessumdatur
1092 2220 1298 2277 languida
1320 2218 1570 2275 repetitione
1596 2216 1714 2257 verbi

88 2292 221 2339 lauta,
270 2291 386 2346 quod
435 2292 478 2332 A
520 2291 694 2348 praebet
735 2291 789 2333 ab
828 2291 1131 2348 interpolatore
1171 2304 1223 2331 ex
1264 2286 1615 2329 antecedentibus
1648 2284 1714 2325 de-

86 2366 316 2417 sumptum.

203 2437 291 2480 Cas.
322 2437 346 2478 I
376 2437 431 2480 49

143 2517 202 2560 P:
249 2517 352 2560 Sine
390 2517 575 2559 amabo
617 2518 744 2575 te[d]
785 2518 971 2568 amari,
1004 2531 1122 2559 meus
1153 2518 1286 2558 festus
1319 2515 1409 2556 dies

143 2585 208 2628 A:
255 2585 355 2628 Sine
385 2600 511 2628 vero
544 2587 707 2627 amari
740 2595 809 2636 te,
841 2599 960 2627 meus
992 2587 1124 2626 festus
1154 2583 1256 2626 dies

202 2665 365 2710 Vocem
387 2681 486 2714 vem,
520 2680 648 2720 quam
674 2664 788 2707 solus
813 2664 927 2721 quod
950 2664 1082 2706 sciam
1104 2664 1347 2720 Geppertus
1380 2662 1583 2711 defendit,
1617 2676 1716 2717 prae

90 2733 388 2775 Palatium-um
412 2734 617 2775 memoria
640 2748 723 2774 non
741 2747 825 2774 uno
848 2733 1017 2774 nomine
1043 2732 1327 2788 spernendam
1350 2733 1434 2773 iam
1456 2729 1716 2772 Ritschelius

91 2802 227 2858 (Neue
267 2803 440 2858 plautin.
489 2802 667 2842 Eoecurse
706 2817 745 2857 p.
776 2801 831 2842 36
863 2801 957 2842 adn.
992 2801 1036 2856 2)
1081 2800 1314 2843 damnavit.
1377 2798 1563 2847 accedit,
1603 2796 1716 2851 quod

95 2878 309 2912 corrector
348 2869 626 2912 Ambrosiani
665 2883 766 2911 voce
804 2877 838 2910 te
876 2869 1132 2925 transposita
1178 2868 1333 2909 Plauto
1372 2881 1517 2908 versus
1557 2866 1718 2906 exitum

95 2937 276 2980 obtrusit
307 2941 410 2980 meas
435 2939 564 2995 festas
587 2939 671 2979 die's
694 2937 842 2979 eodem
867 2937 984 2987 vitio,
1017 2952 1100 2994 quo
1129 2937 1235 2977 Tria.
1261 2936 1341 2977 186
1373 2950 1395 2976 a
1426 2935 1555 2975 mala's
1578 2934 1720 2990 famu's

88 3008 226 3066 semim
258 3022 341 3050 non
375 3007 609 3051 abhorruit.
