2020 3278
1046 134 1098 174 22

200 279 203 282 ·
261 264 431 307 Nonius
467 268 625 321 profert
659 268 794 322 ‚quasi
834 283 968 323 usque
997 270 1051 311 ad
1084 270 1287 326 papillam
1319 270 1540 312 renudato‘
1563 270 1751 327 ineptam
1775 272 1889 321 dicit,

262 334 461 389 exemplo
498 335 810 390 Aristophanio
862 337 991 392 (Eecl.
1036 338 1137 393 267)
1178 338 1307 379 allato
1348 338 1615 395 Leidolphus
1657 339 1888 396 redarguit.

263 401 434 458 egregie
467 410 606 444 autem
638 403 932 446 Palatinorum
967 406 1436 447 memoriam'defendit
1466 406 1777 457 Buechelerus,
1817 408 1891 462 qui

262 469 315 510 ad
350 485 496 512 vocem
529 473 753 528 exfafillato
775 473 1075 527 explicandam
1107 475 1229 516 docte
1253 474 1448 516 adhibuit
1478 475 1649 518 tabulae
1679 476 1891 532 Iguvinae

264 537 439 580 verbum
462 540 681 596 su-sajlc'as,
716 540 956 582 derivatum
991 542 1044 582 ab
1075 542 1223 584 eadem
1251 543 1394 584 radice
1418 544 1505 600 serf,
1525 558 1635 598 quae
1659 544 1887 594 ,notionem

264 606 495 662 ligaturae,
543 607 748 663 originem
782 612 960 651 fortasse
991 613 1220 664 πείσμασιν
1259 620 1298 651 et
1338 610 1617 653 offendicibus
1649 612 1891 666 proximam

262 674 417 716 habet‘.
479 676 680 732 quocirca
712 678 957 726 ,exfafillato
977 678 1165 720 brachio‘
1194 679 1442 720 vertendum
1467 686 1528 720 est
1559 679 1748 732 ,brachio
1771 687 1892 722 extra

263 743 442 785 amictus
475 744 646 785 vincula
686 745 879 801 prolato‘.
944 760 1101 787 novum
1143 754 1284 788 autem
1331 747 1429 788 huic
1470 747 1561 788 voci
1605 747 1891 790 testimonium

267 810 428 853 accedit
453 826 504 852 ex
528 812 646 853 Plac.
668 814 782 868 qlosa
807 829 847 870 p.
871 813 939 863 41,
966 814 1017 854 16
1039 813 1108 864 Π,
1141 814 1462 864 exfabillavero,
1493 822 1726 857 exeruero‘.
1781 815 1892 866 vide,

266 888 473 934 quantum
506 880 798 923 Palatinorum
830 882 1116 924 testimonium
1151 890 1336 939 praestet
1357 883 1635 924 Ambrosiani
1664 884 1893 926 memoriae

265 964 348 990 non
387 948 658 991 librariorum
696 950 874 992 stultitia
921 951 1202 1006 depravatae,
1255 951 1329 992 sed
1359 951 1631 1007 grammatici
1671 952 1891 995 cuiusdam

265 1017 376 1058 mala
415 1017 640 1059 sedulitate
680 1027 823 1068 natae,
862 1019 935 1073 qui
974 1033 1070 1061 cum
1108 1020 1333 1077 eoescgsillato
1362 1034 1446 1060 non
1487 1019 1764 1075 intellegeret,
1803 1034 1893 1061 sen-

265 1086 422 1128 tentiae
439 1096 480 1128 et
497 1087 667 1141 apicum
685 1097 892 1142 quantum
911 1096 1077 1143 poterat
1101 1088 1263 1130 ratione
1283 1087 1427 1130 habita
1445 1089 1691 1144 errpapc'llato
1715 1089 1893 1130 effinxit.

330 1154 442 1195 Trite.
476 1154 555 1195 271

379 1223 444 1265 A:
483 1222 595 1277 Quia
621 1222 697 1264 tibi
729 1237 882 1264 suaso
912 1223 1095 1265 infecisti
1130 1223 1392 1279 propudiosa
1420 1223 1625 1279 pallulam

478 1291 549 1332 An
583 1306 631 1333 eo
660 1290 836 1332 bella’s?

267 1370 526 1408 ,rcsuasw
573 1359 628 1411 P3
676 1360 831 1401 Festus
877 1376 918 1416 p.
950 1360 1173 1402 3021212:
1221 1361 1457 1410 ,Suasum
1496 1361 1609 1402 colos
1658 1361 1898 1416 appellatur

268 1427 340 1481 qui
379 1427 424 1479 fit
463 1442 513 1469 ex
554 1428 771 1469 stillicidio
810 1430 974 1471 fumoso
1016 1431 1057 1470 in
1093 1430 1344 1471 vestimento
1377 1429 1486 1472 albo.
1518 1428 1717 1471 Plautus:
1759 1427 1900 1484 „Quia

269 1495 343 1536 tibi
375 1511 500 1537 suaso
532 1496 716 1538 infecisti
756 1497 1016 1554 propudiosa
1048 1498 1298 1553 pallulam.“
1360 1497 1533 1554 quidam
1570 1508 1710 1539 autem
1752 1497 1901 1554 legunt

268 1564 495 1606 insuaso.
572 1580 648 1606 nec
688 1565 841 1607 desunt
879 1567 950 1621 qui
997 1567 1142 1608 dicant
1181 1581 1348 1607 omnem
1387 1566 1571 1607 colorem
1609 1566 1682 1621 qui
1726 1566 1799 1607 fiat
1841 1567 1900 1607 in-

269 1633 450 1675 ficiendo
482 1649 689 1676 suasum
723 1634 878 1688 vocari,
913 1635 1026 1688 quod
1059 1635 1180 1688 quasi
1215 1633 1572 1689 persuadetur
1603 1634 1644 1674 in
1679 1634 1809 1676 alium
1843 1649 1896 1676 ex

271 1701 367 1742 albo
390 1701 598 1743 t1·ansire.‘
656 1702 779 1743 Paul.
813 1718 852 1758 p.
879 1703 973 1751 111,
1006 1703 1051 1743 9:
1094 1702 1394 1752 ,Insuasuni
1419 1701 1693 1757 appellabant
1715 1702 1898 1744 colorem

271 1770 450 1811 similem
470 1771 597 1820 luteo,
621 1771 693 1825 qui
715 1770 843 1812 fiebat
866 1785 917 1812 ex
942 1772 1108 1812 fumoso
1126 1770 1367 1812 stillicidio.‘
1400 1769 1664 1811 Philoxenus
1681 1786 1722 1827 p.
1743 1770 1836 1821 122,
1854 1771 1901 1812 2:

271 1839 575 1887 ,insuasumz
621 1836 731 1889 εἶδος
762 1839 966 1895 ὁοκαρίων
998 1842 1366 1893 κεκαῑῑιίσιιιένωνὲ-
1439 1846 1530 1895 post
1567 1839 1673 1880 haec
1705 1839 1903 1894 exempla

273 1922 419 1948 omncs
453 1907 579 1949 credo
605 1923 879 1949 concessuros
913 1922 1003 1949 esse
1048 1907 1346 1948 Palatinorum
1387 1907 1596 1962 scriptura
1628 1922 1789 1948 resuasu
1818 1922 1901 1949 non

272 1977 439 2017 tertiam
461 1976 676 2032 quandam
696 1977 984 2017 recensionem
1004 1976 1334 2031 repraesentari3
1357 1976 1485 2016 immo
1501 1991 1658 2016 resuaso
1675 1990 1726 2017 ex
1748 1978 1902 2017 insuaso

273 2052 517 2100 corruptum
557 2060 647 2086 esse
687 2055 731 2086 ut
772 2055 988 2101 putemus,
1038 2054 1170 2086 metro
1213 2058 1382 2100 quoque
1415 2043 1679 2085 adducimur.
1757 2044 1900 2098 itaque

274 2113 445 2154 tertium
477 2113 617 2155 locum
651 2113 877 2164 habemus,
911 2128 995 2170 quo
1041 2113 1254 2168 duplicem
1289 2113 1543 2169 scripturam
1576 2112 1691 2167 apud
1724 2113 1901 2154 Festum

275 2189 486 2222 servatam
526 2182 694 2223 codices
734 2197 903 2238 quoque
940 2181 1128 2224 Plautini
1171 2181 1387 2223 exhibent.
1455 2188 1707 2236 quaerentes
1746 2189 1902 2232 autem,

275 2259 368 2290 utra
401 2251 612 2305 scriptura
636 2264 735 2291 vera
759 2250 822 2302 sit,
852 2250 982 2292 verbo
1008 2253 1210 2291 insuasum
1231 2258 1399 2305 praeter
1422 2250 1547 2292 Pauli
1571 2249 1711 2290 locum
1733 2249 1902 2291 firmum

276 2318 536 2373 praesidium
596 2328 792 2372 paratum
851 2333 941 2359 esse
1011 2318 1204 2360 videmus
1263 2318 1490 2360 Philoxeni
1555 2318 1903 2373 interpretatione

277 2400 454 2442 graeca,
497 2387 564 2427 cui
597 2386 630 2426 si
663 2386 873 2427 accedunt
904 2385 1073 2427 codices
1104 2385 1307 2436 Palatini,
1341 2400 1445 2442 quos
1479 2385 1532 2427 ad
1565 2385 1743 2427 eandem
1775 2386 1904 2441 scrip-

278 2465 417 2496 turam
458 2455 596 2496 rcdire
636 2455 937 2511 cognovimus,
970 2454 1142 2495 minime
1182 2454 1404 2510 probabile
1443 2461 1523 2505 est,
1567 2453 1679 2507 quod
1711 2453 1903 2495 nonnulli

279 2523 357 2564 viri
397 2523 510 2564 docti
547 2523 866 2572 iudicaverunt,
914 2522 1024 2563 hanc
1071 2536 1216 2563 vocem
1257 2523 1386 2563 errori
1426 2529 1590 2563 tantum
1630 2520 1902 2563 librariorum

279 2591 434 2634 deberi.
493 2599 606 2633 recte
652 2591 764 2632 enim
795 2590 1062 2646 Leidolphus
1103 2591 1301 2645 exposuit
1340 2605 1433 2632 eam
1473 2604 1568 2631 cum
1609 2588 1901 2640 alliteratione,

278 2667 367 2701 tum
415 2659 528 2714 quod
576 2659 710 2701 altera
754 2661 891 2701 fornia
943 2675 1103 2699 suasum
1147 2659 1524 2715 grammaticorum
1571 2671 1744 2713 operam
1791 2657 1902 2699 oleat

280 2727 525 2782 (videbatur
557 2728 667 2769 enim
697 2743 723 2769 a
755 2742 857 2769 voce
890 2727 1095 2768 suadendi
1128 2726 1312 2768 derivari
1340 2728 1483 2782 posse)
1514 2725 1672 2781 pariter
1694 2739 1902 2767 commen-

279 2796 383 2836 dari.
473 2810 524 2837 ex
584 2795 691 2837 falsa
743 2803 884 2836 autem
938 2795 1198 2851 etymologia
1250 2794 1525 2837 Ambrosiani
1577 2794 1683 2835 illud
1744 2809 1904 2834 suasum

280 2870 426 2904 natum
457 2878 548 2905 esse
580 2863 700 2904 Festi
733 2862 863 2905 verba
894 2864 1150 2919 evincunt.¹)

397 2979 424 3023 1’)
451 2976 520 3011 His
539 2976 659 3011 tribus
684 2975 775 3011 locis
792 2974 1021 3019 Leidolphus
1041 2975 1132 3010 duos
1150 2974 1265 3018 addit,
1292 2975 1422 3019 quibus
1441 2976 1576 3018 duplex
1594 2975 1779 3018 scriptura
1806 2979 1902 3018 apud
