2020 3278
175 1234 211 1281 x?

1106 144 1131 182 6

306 279 480 321 verbum
514 279 566 320 dc
602 279 797 320 codicum
840 279 1112 328 condicionc;
1150 278 1262 320 unde
1304 276 1559 318 concluseris
1603 274 1843 332 Bergkiuni
1875 275 1927 315 de

303 348 382 388 hac
420 362 463 388 re
504 354 592 388 tum
631 347 801 403 quidem
843 347 1043 401 temporis
1081 354 1153 388 aut
1193 346 1245 386 ad
1286 353 1446 387 certum
1488 344 1692 386 iudicium
1736 343 1927 386 nondum

304 415 547 470 pervenisse
572 422 645 455 aut
663 415 889 456 Ritschelii
909 415 1161 456 sententiam
1182 413 1396 470 probasse.
1420 413 1493 454 sed
1512 413 1554 453 in
1572 412 1929 454 commentatione

304 485 353 524 ‹le
391 484 534 524 Plauti
578 483 806 523 'lb-inummo
851 483 966 538 (Iud.
1015 483 1109 523 lect.
1151 481 1610 524 Ma1·b.1849—-1850
1638 502 1695 517 =
1730 480 1929 537 0p.ph.1

304 551 508 606 53-70),
540 566 634 592 cum
663 551 702 591 in
727 551 988 606 singulorum
1016 551 1203 591 locorum
1231 550 1498 592 enarratione
1522 557 1774 599 versaretur,
1807 565 1929 606 quae-

308 621 405 661 dam
428 620 676 676 disputavit,
711 634 818 675 quae
840 619 920 659 lm(-
945 619 1170 674 pertinent.
1216 618 1421 659 indicavit
1451 618 1561 659 enim
1587 619 1930 660 retractationem

310 689 432 729 metri
464 689 603 743 gratia
634 688 677 728 in
708 687 744 728 P
776 695 1019 742 susceptam
1057 687 1162 727 'lb-in.
1194 702 1233 727 v.
1258 686 1340 727 200

361 757 417 799 P:
459 756 611 812 Neque
644 756 1007 811 mendaciloquius
1039 770 1176 811 neque
1208 764 1406 811 argutum
1440 755 1576 810 magis

362 826 424 867 A:
457 825 608 881 Neque
647 824 1014 877 mendaciloquius
1045 838 1183 879 neque
1215 823 1321 863 adeo
1355 831 1556 878 argutum
1589 824 1725 879 magis

307 895 379 937 ubi
422 904 646 951 postquam
689 894 1028 947 memlmra'loquom
1066 891 1109 932 in
1150 893 1488 946 mendaciloquius
1525 900 1770 947 corruptum
1809 901 1932 941 esset,

309 963 503 1004 voculam
529 964 628 1003 adeo
650 963 690 1002 in
728 962 757 1002 Ρ
781 961 882 1003 dicit
914 960 981 1010 ,ab
1014 960 1063 1001 iis
1093 959 1273 1000 eiectam
1296 973 1401 1008 esse,
1434 958 1504 1015 qui
1537 973 1706 1001 versum
1732 960 1932 1002 vitiosum

308 1031 450 1087 aliquo
476 1031 600 1072 modo
623 1031 836 1085 corrigere
860 1028 1099 1071 studebant*
1118 1028 1162 1082 (l.
1188 1045 1218 1068 c.
1243 1042 1283 1082 p.
1303 1026 1419 1070 VIII
1437 1047 1494 1063 =
1515 1026 1589 1082 Op.
1608 1028 1681 1083 ples.
1702 1028 1725 1070 I
1751 1028 1802 1069 61
1829 1029 1933 1085 sq.);

310 1114 447 1156 neque
480 1099 601 1140 aliter
632 1098 793 1140 iudicat
825 1098 876 1138 de
911 1113 950 1137 v.
983 1096 1064 1137 212
1103 1097 1219 1150 (ibid.
1253 1111 1293 1150 p.
1316 1095 1363 1137 X
1383 1116 1437 1132 :
1459 1096 1533 1152 Op.
1558 1096 1630 1152 ph.
1662 1096 1777 1153 163)
1809 1097 1933 1138 simul

312 1169 459 1224 quanti
505 1166 836 1208 Ambrosianum
883 1165 1011 1206 faciat
1055 1165 1363 1205 demonstrans.
1440 1164 1584 1221 itaque
1629 1165 1699 1206 illo
1744 1174 1933 1221 tempore

310 1237 535 1278 Plautinas
583 1235 823 1276 comoedias
870 1234 1157 1275 recensionem
1206 1244 1405 1287 expertas
1442 1247 1533 1274 esse
1566 1233 1696 1283 vidit,
1743 1249 1792 1275 ea
1835 1247 1934 1275 vero

313 1305 450 1362 qualis
481 1305 606 1346 fuerit
644 1315 684 1346 et
721 1319 846 1360 quam
879 1303 963 1344 late
985 1292 1148 1357 pateat,
1189 1316 1269 1342 non
1310 1301 1478 1342 videtur
1510 1301 1611 1343 satis
1650 1302 1933 1358 perspexisse,

311 1375 511 1430 quoniam
544 1373 632 1414 sine
660 1373 743 1413 ulla
771 1371 1033 1413 dubitatione
1056 1369 1345 1426 discrepantia
1374 1370 1670 1412 recensionnm
1694 1371 1937 1412 testimonia

311 1443 353 1483 in
402 1441 593 1483 versibus
640 1440 947 1482 constituendis
994 1439 1262 1494 permiscuit3
1318 1437 1432 1479 velut
1477 1438 1519 1479 in
1568 1438 1694 1479 Stichi
1741 1438 1932 1481 versibus

312 1510 458 1565 primis
484 1509 791 1551 constituendis
817 1509 908 1563 ipse
933 1508 1035 1549 dicit
1057 1522 1099 1548 se
1130 1507 1172 1548 in
1201 1507 1393 1548 versibus
1417 1506 1697 1548 discribendis
1721 1507 1935 1557 Veterem,

311 1579 354 1620 in
388 1578 527 1620 verbis
560 1586 699 1619 autem
731 1576 985 1632 recipiendis
1018 1575 1348 1618 Ambrosianum
1383 1575 1573 1617 codicem
1606 1584 1796 1617 secutum
1831 1591 1935 1625 esse,

313 1661 571 1703 quamquam
603 1646 645 1686 in
680 1661 804 1686 versu
827 1654 977 1702 quarto
1010 1645 1234 1686 diversitas
1254 1645 1546 1686 recensionum
1581 1659 1676 1686 eum
1703 1659 1785 1685 non
1806 1644 1936 1700 fugit:

369 1716 432 1756 A:
465 1715 704 1756 absentium
738 1715 795 1755 ita
828 1725 873 1755 ut
903 1722 1125 1770 aequomst

374 1784 428 1825 P:
461 1782 682 1824 absentum
716 1791 762 1823 ut
794 1794 855 1823 est
887 1797 1067 1838 aequom

314 1852 454 1903 (Dima
503 1860 583 1892 ant.
635 1851 749 1892 VIII
797 1867 836 1906 p.
869 1851 952 1893 339
980 1872 1035 1887 z
1067 1851 1140 1906 02).
1176 1851 1246 1906 ple.
1280 1849 1302 1890 I
1341 1865 1380 1904 p.
1413 1850 1500 1905 43).
1549 1850 1676 1891 ctiam
1725 1850 1938 1891 canticum

315 1919 553 1961 Trinununi
587 1920 784 1975 primum,
818 1935 1078 1976 quamquam
1105 1920 1146 1959 in
1172 1918 1387 1960 nonnullis
1419 1933 1442 1958 a
1466 1918 1705 1960 Ritschelio
1730 1918 1939 1967 dissentit,

316 1989 355 2028 in
382 1988 625 2029 universum
656 1988 803 2029 eadem
830 1988 1005 2034 ratione,
1039 2003 1122 2043 qua
1144 1987 1215 2028 ille
1246 1987 1289 2027 in
1312 1986 1450 2042 priore
1483 1985 1684 2035 editione,
1709 1986 1940 2036 constituit,

318 2056 461 2097 mixtis
503 2056 697 2098 videlicet
729 2056 1005 2097 Ambrosiani
1046 2064 1085 2097 et
1119 2055 1415 2097 Palatinorum
1464 2054 1685 2109 scripturis
1718 2055 1939 2101 (comment.

318 2126 366 2165 ‹le
402 2126 460 2165 Pl.
503 2125 605 2165 Τνίη.
639 2124 751 2165 IH—
777 2124 865 2166 VII
887 2145 943 2161 =
971 2125 1044 2180 Op.
1072 2125 1140 2180 ph.
1173 2124 1197 2165 I
1229 2123 1429 2178 54-60).

429 2192 513 2234 Sed
562 2193 688 2247 paulo
728 2203 821 2247 post
854 2208 981 2248 quam
1014 2192 1274 2233 Ritschelius
1320 2191 1363 2232 in
1409 2191 1675 2232 Fleckeiseni
1730 2191 1942 2232 ‹ciznalibzcs

319 2262 469 2316 (1868)
500 2260 551 2301 de
585 2261 832 2301 condicione
866 2261 1158 2301 recensionum
1197 2260 1423 2310 iudicium,
1459 2260 1571 2316 quod
1604 2275 1733 2314 supra
1763 2274 1941 2301 comme—

319 2328 482 2368 moravi
514 2328 707 2384 protulit,
749 2328 964 2384 Bergkius
1005 2343 1172 2385 quoque
1202 2328 1243 2369 in
1277 2328 1481 2383 symbolis
1523 2328 1577 2368 ad
1616 2328 1942 2384 grammaticam

320 2395 499 2436 latinam
532 2395 584 2436 ab
616 2396 707 2451 ipso
740 2412 776 2437 a.
814 2397 921 2439 1870
952 2397 1074 2438 editis
1107 2397 1284 2438 similem
1325 2397 1578 2438 sententiam
1619 2397 1835 2451 professus
1867 2404 1943 2446 est,

320 2464 443 2504 simul
477 2464 527 2504 de
560 2464 735 2505 historia
767 2465 914 2506 critica
954 2465 1195 2507 fabularum
1228 2464 1526 2505 Plautinarum
1560 2464 1784 2505 disserens.
1833 2478 1942 2520 quae

321 2531 376 2572 ibi
410 2532 660 2586 disputavit,
707 2548 758 2575 ex
807 2534 856 2574 iis
903 2534 957 2574 ad
1004 2541 1190 2575 nostram
1223 2534 1513 2589 quaestionem
1561 2533 1639 2574 hoc
1671 2532 1941 2586 potissimum

320 2599 506 2654 respicit,
558 2601 671 2656 quod
725 2601 937 2656 Bergk-ius
989 2602 1151 2656 primus
1203 2601 1286 2643 duo
1336 2601 1409 2641 illa
1461 2600 1718 2642 recensionis
1771 2614 1942 2656 genera,

321 2683 500 2723 quorum
533 2668 738 2709 rationem
772 2669 890 2710 initio
925 2670 1048 2710 liuius
1082 2670 1391 2711 dissertationis
1424 2669 1692 2717 adumbravi,
1724 2668 1767 2708 in
1798 2667 1942 2710 Plauti

322 2735 563 2785 comoediis,
597 2738 743 2792 quales
772 2752 885 2778 nunc
915 2737 1125 2793 leguntur,
1160 2738 1310 2794 dispici
1335 2738 1455 2787 dixit,
1489 2737 1664 2778 alteram
1688 2736 1941 2786 scaenicam,

320 2805 644 2859 grammaticam
683 2806 881 2855 alteram,
929 2806 1048 2846 cuius
1094 2806 1266 2860 quidem
1305 2806 1473 2847 diversa
1518 2804 1779 2860 exemplaria
1823 2803 1943 2846 nobis

323 2880 490 2926 praesto
543 2888 632 2913 esse
688 2874 886 2929 cognovit
940 2874 982 2914 in
1037 2874 1181 2915 codice
1217 2874 1514 2932 ‘Ambrosiano
1559 2881 1600 2914 et
1637 2873 1681 2914 in
1720 2872 1940 2913 Palatinis.

323 2954 502 2998 quarum
550 2942 841 2984 recens-ionum
891 2942 1001 2984 hanc
1048 2957 1139 2984 esse
1179 2943 1494 2993 condicionem,
1540 2948 1587 2983 ut
1625 2940 1809 2983 Palatini
1847 2954 1943 2983 cum
