2068 3358
209 930 520 1006 plautinarum
566 964 810 1005 fabularum
851 964 1090 1006 emendatio
1129 979 1225 1005 cum
1263 965 1372 1005 inter
1409 964 1722 1019 spinosissimas

92 1033 193 1074 artis
235 1041 403 1074 nostrae
451 1033 694 1089 provincias
736 1033 826 1074 iure
869 1033 1136 1074 existimetur
1175 1042 1214 1074 et
1254 1033 1306 1074 ob
1342 1032 1603 1088 singularem
1643 1048 1723 1073 ser-

91 1102 228 1143 monis
261 1102 449 1143 Plautini
489 1101 675 1143 indolem
717 1109 755 1142 et
790 1109 963 1156 propter
993 1101 1199 1143 librorum
1231 1102 1304 1156 qui
1338 1102 1462 1143 hodie
1496 1110 1724 1156 supersunt

92 1171 384 1212 condicionem
417 1171 632 1220 miseram,
665 1170 737 1224 qui
770 1170 934 1212 nullum
957 1186 1041 1211 non
1064 1171 1254 1226 perpessi
1279 1171 1363 1211 sint
1385 1170 1722 1225 corruptelarum

91 1254 241 1295 genua
275 1248 416 1280 tamen
450 1239 513 1279 his
546 1238 743 1280 omnibus
776 1239 953 1280 maiores
987 1239 1258 1280 difficultates
1290 1239 1540 1280 oboriuntur
1569 1239 1620 1289 ei,
1652 1240 1725 1293 qui

91 1308 324 1364 genuinam
363 1307 607 1349 fabularum
638 1308 818 1348 formam
850 1307 1089 1362 reciperare
1121 1308 1282 1357 studet,
1314 1308 1427 1357 inde,
1460 1307 1573 1361 quod
1612 1322 1726 1349 nunc

92 1377 264 1430 quidem
296 1376 507 1417 neminem
547 1378 694 1432 fugere
734 1383 871 1431 potest
913 1376 1039 1417 etiam
1071 1376 1276 1417 librorum
1309 1384 1548 1417 nostrornm
1581 1376 1724 1417 arche-

92 1452 217 1502 typos
260 1446 365 1487 adeo
398 1459 478 1486 non
519 1445 656 1501 ipsam
696 1452 846 1500 poetae
879 1460 1051 1486 manum
1082 1445 1493 1500 repraesentavisse,
1540 1454 1585 1486 ut
1616 1452 1724 1485 totas

93 1513 260 1555 fabulas
300 1513 554 1555 exhiberent
586 1514 686 1554 data
725 1528 853 1568 opera
886 1529 909 1554 a
940 1513 1249 1555 correctoribus
1282 1520 1547 1554 retractatas.
1604 1513 1724 1554 cuius

95 1583 405 1624 retractationis
437 1583 517 1631 vel,
550 1588 596 1623 ut
626 1582 784 1623 usitato
816 1583 985 1623 nomine
1017 1590 1125 1631 utar,
1159 1582 1417 1623 recensionis
1449 1581 1535 1622 duo
1566 1596 1725 1636 genera

92 1660 214 1693 sunt:
260 1667 441 1706 quorum
482 1652 660 1694 alterum
700 1652 939 1693 continetur
979 1651 1022 1691 in
1055 1666 1103 1692 ea
1134 1650 1377 1691 fabularum
1410 1650 1721 1702 retractatione,

91 1734 176 1773 qua
218 1735 241 1760 a
274 1720 456 1760 dominis
489 1735 674 1776 gregum
712 1721 754 1761 in
795 1735 1003 1761 novarum
1045 1720 1261 1760 actionum
1294 1734 1417 1760 usum
1441 1718 1539 1760 totis
1563 1719 1726 1759 scaenis

95 1788 162 1829 vel
196 1803 448 1829 scaenarum
480 1788 693 1843 partibus,
733 1789 880 1842 quales
912 1803 935 1828 a
966 1787 1121 1828 Plauto
1159 1788 1373 1843 profectae
1406 1794 1547 1835 erant,
1587 1801 1726 1827 novae

94 1866 165 1898 aut
199 1857 454 1898 substitutae
478 1864 576 1898 sunt
607 1858 677 1908 ita,
709 1865 756 1898 ut
780 1857 923 1899 Plauti
957 1871 1105 1896 versus
1139 1856 1335 1910 perirent,
1370 1865 1441 1896 aut
1474 1855 1727 1909 adscriptae,

96 1934 139 1966 ut
174 1925 313 1966 Plauti
345 1941 492 1967 versus
525 1926 646 1967 iuxta
678 1941 768 1975 eos,
809 1926 881 1980 qui
921 1925 974 1965 ad
1016 1925 1182 1965 illorum
1224 1924 1546 1964 similitudinem
1579 1932 1726 1978 postea

94 1993 420 2050 effingebantur,
454 2002 634 2036 aetatem
655 1995 826 2035 ferrent.
888 1993 931 2034 id
963 2008 1063 2033 vero
1087 1993 1242 2033 scimus
1276 1993 1526 2046 plerumque
1549 1991 1592 2032 in
1626 2006 1726 2033 eum

94 2063 220 2103 finem
241 2064 401 2104 factum
433 2077 535 2115 esse,
571 2071 615 2103 ut
646 2078 670 2103 a
689 2062 899 2103 Plautinis
931 2061 1161 2102 comoediis
1185 2061 1423 2116 robiginem
1457 2060 1726 2114 antiquitatis

95 2130 387 2186 detergerent,
433 2138 506 2170 aut
544 2144 595 2170 ne
635 2130 862 2171 verborum
902 2144 1097 2171 rerumve
1137 2132 1179 2171 in
1223 2144 1377 2170 scaena
1410 2137 1628 2185 gestarum
1659 2129 1728 2170 ob-

96 2199 341 2247 scaenitate,
373 2198 542 2252 qualem
565 2197 746 2239 Plautus
779 2213 862 2239 non
894 2199 1058 2248 vitavit,
1094 2213 1217 2239 aures
1241 2198 1436 2251 oculique
1459 2196 1726 2238 audientium

97 2267 430 2316 offenderentur,
472 2273 545 2307 aut
583 2267 780 2320 denique,
824 2274 868 2308 ut
898 2266 1064 2307 scaenis
1095 2266 1269 2308 resectis
1300 2265 1471 2307 fabulae
1502 2265 1728 2307 Plautinae

96 2335 138 2376 in
171 2334 343 2376 brevius
375 2335 745 2384 contraherentur;
793 2350 877 2389 quo
914 2336 1028 2376 facto
1067 2335 1101 2375 si
1140 2335 1211 2389 qui
1253 2335 1392 2375 hiatus
1425 2334 1729 2375 sententiarum

95 2403 418 2445 continuitatem
458 2403 845 2458 interrumpebant,
885 2403 936 2444 de
976 2419 1051 2445 suo
1089 2404 1261 2459 ingenio
1301 2403 1598 2459 supplementa
1633 2402 1726 2444 sub-

98 2471 309 2512 diderunt.
384 2471 427 2512 in
480 2486 565 2525 qua
617 2486 759 2513 rerum
805 2472 1052 2513 condicione
1099 2482 1144 2513 ut
1191 2487 1290 2514 vere
1335 2472 1537 2513 Plautina
1582 2471 1730 2512 dister-

99 2541 363 2580 minarentur
386 2539 439 2580 ab
462 2540 532 2589 iis,
564 2555 672 2594 quae
703 2540 756 2581 ab
779 2540 873 2581 aliis
902 2542 1038 2594 poetis
1069 2540 1439 2595 qualibuscunque
1462 2540 1505 2580 in
1528 2539 1730 2581 Plautum

100 2607 269 2649 invecta
301 2616 410 2660 sunt,
445 2608 656 2663 insignem
688 2623 861 2662 operam
895 2609 1164 2650 contulerunt
1198 2609 1277 2649 viri
1309 2610 1360 2650 de
1384 2608 1540 2649 Plauto
1572 2608 1729 2664 optime

99 2676 236 2717 meriti
269 2676 488 2730 multaque
521 2678 646 2717 certis
679 2684 752 2718 aut
785 2703 839 2707 ——
870 2677 993 2718 sicuti
1024 2678 1067 2718 in
1100 2678 1190 2719 eius
1222 2677 1337 2718 modi
1360 2676 1731 2731 disquisitionibus

102 2758 180 2785 usu
212 2745 324 2785 venit
356 2769 410 2775 —
443 2743 736 2799 probabilibus
768 2745 1165 2787 ratiocinationibus
1197 2744 1520 2800 expediverunt.
1590 2758 1614 2784 a
1646 2757 1731 2796 qua

102 2811 319 2854 diversum
358 2819 420 2854 est
458 2813 638 2854 alterum
680 2813 938 2854 recensionis
977 2827 1112 2868 genus
1151 2813 1477 2868 grammaticae,
1530 2824 1640 2864 quae
1678 2810 1731 2849 ad

101 2880 345 2922 fabularum
385 2881 676 2922 oeconomiam
709 2896 792 2922 non
825 2881 1024 2936 pertinet,
1071 2882 1144 2922 sed
1176 2882 1218 2922 in
1258 2880 1435 2936 singulis
1478 2879 1617 2920 verbis
1665 2878 1731 2917 vel

102 2948 295 2990 versibus
328 2949 542 2990 mutandis
576 2956 770 2990 versatur
801 2964 935 3003 eoque
967 2949 1160 3004 inprimis
1194 2948 1369 2989 consilio
1392 2963 1416 2988 a
1438 2946 1732 3003 grammaticis

103 3017 296 3058 instituta
335 3027 419 3066 est,
468 3026 510 3058 ut
560 3018 748 3071 linguam
797 3026 833 3057 et
883 3032 1032 3059 versus
1078 3017 1300 3058 recentiori
1349 3013 1646 3056 consuetudini
1693 3022 1730 3054 et

1511 3095 1528 3127 l
