2020 3278
1026 119 1105 161 152

251 257 498 300 cedentibus
548 257 769 298 hominum
815 257 952 297 forma
998 256 1129 297 facies
1175 254 1494 305 describuntur,
1543 254 1722 295 virtutes
1773 253 1877 294 vitia

253 333 576 378 enumerantur,
619 326 679 366 ita
716 333 965 380 usurpatur,
1014 332 1061 366 ut
1101 323 1456 380 significationem
1504 322 1623 364 verbi
1665 322 1881 363 describere

251 410 387 450 paene
434 403 599 449 aequet.
659 393 777 435 velut
818 394 965 434 Pseud.
999 393 1093 442 749,
1134 400 1358 448 postquam
1399 391 1498 432 inde
1529 406 1553 432 a
1584 406 1623 432 v,
1656 390 1739 432 729
1775 390 1881 433 Sim-

252 464 361 505 miae
394 462 606 504 calliditas
653 462 927 518 nequitiaque
960 461 1176 517 descripta
1207 469 1290 510 est,
1332 458 1575 502 Pseudulus
1607 459 1666 501 sic
1700 458 1879 501 iudicat:

254 531 435 580 ,Probus
468 531 649 581 homost,
690 538 736 572 ut
767 530 1015 586 praedicare
1049 537 1086 570 te
1121 528 1261 570 audio‘
1303 528 1395 578 ,wie
1426 527 1495 569 ich
1528 542 1603 568 aus
1636 527 1782 569 deiner
1806 526 1882 568 Be-

255 600 515 656 schreibung
552 600 682 641 hore‘.
746 600 855 639 Rud.
889 598 969 639 651
1004 612 1096 653 sqq.
1139 611 1163 637 a
1202 595 1364 637 lenonis
1413 593 1635 637 cuiusdam
1675 594 1882 636 scelerum

255 668 460 725 peculiari
498 667 815 709 enumeratione
848 666 1076 708 Trachalio
1113 680 1156 707 se
1188 672 1361 706 revocat
1402 664 1465 705 his
1502 663 1660 705 verbis:
1710 671 1769 713 ,ut
1800 677 1884 704 uno

256 737 387 778 verbo
409 735 644 785 absolvam,
671 735 828 776 lenost:
854 734 956 789 quid
977 733 1098 775 illum
1123 748 1249 789 porro
1271 732 1516 787 praedicem
1526 732 1560 772 ‘?‘
1593 746 1694 784 ‚was
1715 731 1793 773 soll
1814 731 1883 773 ich

254 805 325 846 ihn
357 805 508 860 sanger
540 803 801 846 schildernP‘
846 804 935 844 Mil.
967 803 1067 858 ylor.
1099 801 1181 843 968
1214 801 1300 852 ,Ad
1334 808 1450 841 tuam
1481 801 1662 841 formam
1695 799 1767 841 illa
1800 814 1884 841 una

256 873 441 930 dignast.
474 874 483 928 Η
514 872 657 914 hercle
690 871 884 928 pulcram
918 871 1176 927 praedicas‘3
1208 878 1430 925 praeterea
1461 868 1513 911 cf.
1547 868 1637 912 Mil.
1658 868 1760 923 ylor.
1789 867 1884 910 471.

255 943 374 983 Most.
407 941 503 983 981.
530 941 624 984 Aul.
657 940 752 983 314.
786 941 892 981 Men.
925 939 1008 981 908
1040 954 1101 994 sq.
1141 939 1268 995 Epid.
1300 937 1384 979 459
1415 952 1557 993 ‚quam
1589 936 1752 978 dudum
1786 935 1885 991 Epi-

257 1010 377 1052 dicus
407 1009 514 1051 Mihi
538 1008 807 1064 praedicavit
829 1007 1036 1057 militem‘‚
1068 1005 1140 1048 ubi
1158 1007 1398 1063 praedicare
1419 1005 1590 1046 notione
1617 1004 1886 1046 describendi

258 1077 556 1133 accipiendum
590 1092 682 1118 esse
708 1091 835 1118 versu
857 1076 941 1118 300
963 1076 1293 1117 demonstratur.
1339 1088 1477 1130 neque
1500 1073 1624 1115 aliter
1646 1072 1886 1115 Trinummi

255 1147 348 1188 loco
394 1154 621 1201 postquam
668 1144 898 1186 Lesbonici
944 1158 1082 1186 mores
1127 1151 1370 1197 sortemque
1416 1141 1612 1199 depinxit
1657 1141 1885 1197 Lysiteles,

256 1215 400 1258 Philto
431 1241 486 1246 ——
517 1214 677 1256 ironice
710 1239 762 1244 —
789 1220 956 1255 evocat:
991 1212 1171 1268 ‚Edepol
1205 1211 1419 1253 hominem
1447 1210 1740 1267 praedicatum
1769 1210 1888 1253 firme

256 1292 297 1326 et
327 1283 621 1325 familiariter‘.

314 1354 432 1394 Most.
468 1353 550 1394 676

369 1420 432 1462 A:
465 1419 579 1461 Ecce
612 1427 752 1461 autem
867 1451 875 1459 .
908 1432 1022 1459 nunc
1055 1417 1156 1474 quid
1189 1417 1329 1459 dicam
1362 1417 1520 1459 nescio.

256 1489 519 1532 Ritschelius
559 1503 671 1537 ,ecce
711 1494 853 1529 autem
894 1486 1036 1542 perii‘3
1074 1485 1110 1526 P
1151 1499 1262 1535 ‚ecce
1302 1486 1671 1536 autem‚iterum⁴,
1725 1484 1768 1525 in
1807 1499 1890 1540 quo

257 1560 390 1600 interii
419 1557 549 1599 latere
585 1563 683 1598 ante
714 1556 967 1611 Ussingium
999 1555 1085 1595 iam
1118 1569 1418 1609 cognoveram.

320 1628 434 1669 Poen.
469 1626 577 1668 1369

371 1695 433 1736 A:
466 1694 630 1735 Malum
664 1693 919 1750 post[rem]o
949 1707 1073 1734 omne
1106 1691 1160 1733 ad
1193 1691 1385 1733 lenonem
1419 1689 1597 1731 reccidit

374 1764 425 1804 P:
462 1763 622 1804 Malum
654 1770 1026 1817 postremo-omne
1058 1760 1112 1801 ad
1144 1760 1341 1801 lenonem
1373 1759 1497 1801 redit.

258 1834 308 1875 cf.
339 1830 660 1874 Stndemundus
693 1847 785 1871 αηη.
815 1830 914 1886 phil.
950 1828 1111 1871 XCIII
1137 1844 1178 1884 p.
1210 1829 1277 1871 63.
1318 1843 1415 1869 cum
1457 1827 1621 1868 hiatum
1660 1826 1703 1866 in
1735 1826 1889 1867 senarii

259 1916 436 1942 caesura
469 1899 523 1941 ab
556 1899 621 1951 iis,
656 1899 728 1955 qui
759 1898 927 1940 fabulas
959 1897 1182 1939 Plautinas
1216 1904 1525 1946 retractarunt,
1567 1896 1890 1951 comprobatum

259 1984 349 2010 esse
384 1969 466 2009 iam
498 1982 625 2022 saepe
659 1966 910 2015 viderimus,
952 1966 1175 2007 consilium
1216 1965 1459 2021 corrigendi
1497 1980 1580 2006 non
1623 1964 1891 2020 negaverim:

260 2038 333 2079 sed
379 2036 505 2078 facile
553 2035 692 2090 potuit
738 2037 796 2075 cei
838 2035 949 2075 inter
996 2035 1137 2074 e--di
1181 2033 1393 2076 excidere.
1468 2042 1508 2075 et
1547 2050 1599 2075 ne
1639 2033 1681 2074 id
1719 2033 1891 2088 quidem

260 2121 425 2149 sumere
459 2120 540 2147 non
565 2120 805 2160 possumus,
837 2104 940 2144 redit
974 2117 1050 2158 pro
1073 2104 1232 2143 reccidit
1266 2102 1382 2144 nulla
1405 2102 1526 2144 metri
1558 2103 1720 2143 ratione
1743 2101 1891 2143 habita

260 2174 561 2231 interpolatum
595 2187 686 2214 esse
720 2172 868 2213 eodem
902 2171 1039 2223 modo,
1074 2185 1159 2226 quo
1197 2170 1302 2212 Trite.
1334 2171 1418 2212 340

374 2244 434 2284 A:
472 2241 586 2283 Nam
626 2250 666 2282 et
705 2240 808 2281 illud
849 2239 963 2294 quod
1003 2239 1076 2280 dat
1120 2238 1261 2293 perdit
1300 2246 1341 2279 et
1380 2239 1440 2279 illi
1484 2238 1623 2294 prodit
1664 2238 1795 2279 vitam
1837 2237 1892 2279 ad

1487 2305 1703 2347 miseriam

261 2381 303 2421 in
327 2380 361 2421 P
393 2378 485 2419 loco
514 2377 632 2418 verbi
661 2378 800 2433 prodit
831 2375 1132 2431 interpolatum
1167 2384 1229 2417 est
1248 2376 1433 2431 produc-it
1464 2374 1594 2429 idque
1627 2381 1692 2415 sat
1714 2374 1891 2430 antiquo

261 2458 464 2503 tempore,
497 2461 593 2487 cum
626 2445 686 2486 sic
718 2445 801 2485 iam
834 2443 1086 2485 Lactantius
1119 2445 1238 2484 instit.
1272 2442 1336 2483 VI
1369 2443 1432 2495 11,
1466 2443 1491 2484 8
1523 2442 1684 2497 legerit.

377 2516 485 2555 Pers.
520 2513 605 2554 269
636 2513 699 2554 A:
734 2512 905 2568 pedicas
938 2511 1104 2567 inpingi
1136 2510 1346 2565 (iusserit)

634 2581 688 2621 P:
722 2580 896 2636 pedicas
928 2579 1087 2634 inponi.

262 2649 537 2692 memorabile
576 2648 688 2705 quod
720 2647 910 2688 eiusdem
944 2645 1256 2701 discrepantiae
1289 2646 1532 2703 exemplum
1562 2645 1742 2686 alterum
1775 2651 1893 2685 extat

269 2719 374 2759 'lb-in.
399 2717 481 2758 720
513 2716 777 2765 ‚Fulmentas
811 2715 978 2756 iubeam
1002 2714 1203 2771 suppingi
1237 2714 1415 2757 socciSP‘
1442 2713 1492 2763 P,
1514 2714 1682 2769 subponi
1707 2711 1890 2761 Nonius,

263 2788 335 2840 qui
368 2801 463 2827 cum
496 2784 775 2826 Ambrosiani
809 2784 1031 2838 scripturis
1070 2782 1196 2838 longe
1227 2782 1421 2837 plurimis
1454 2781 1557 2822 locis
1591 2780 1812 2835 congruit,
1844 2787 1892 2822 ut

262 2854 372 2894 idem
407 2854 446 2893 in
488 2854 529 2894 A
568 2853 698 2893 fuisse
741 2851 938 2892 conicias.
1000 2852 1042 2891 in
1081 2850 1339 2891 contrarium
1381 2865 1406 2890 a
1446 2849 1580 2890 doctis
1619 2848 1748 2890 medii
1796 2847 1892 2889 aevi

263 2921 554 2980 grammaticis
588 2928 797 2962 mutatum
830 2928 893 2962 est
925 2920 1015 2960 Mil.
1046 2920 1146 2975 ylor.
1181 2919 1275 2974 928,
1309 2917 1383 2962 ubi
1415 2933 1511 2962 cum
1542 2916 1580 2960 P
1611 2918 1670 2974 (et
1700 2916 1890 2971 Nonius)
