2020 3278
1053 137 1105 178 52

269 280 447 326 apparet
489 280 704 312 auctorem
752 273 1010 313 recensionis
1041 273 1378 320 Ambrosianae,
1412 281 1457 314 ut
1493 289 1659 315 versum
1691 273 1895 330 expleret,

261 356 378 395 posco
409 349 476 380 ant
511 341 561 381 ‹h›
593 356 668 380 suo
700 341 935 390 addidissm
977 341 1087 382 idem
1122 357 1219 382 cum
1262 342 1304 381 in
1342 343 1411 395 ⁶¹90
1450 343 1520 382 abs
1557 342 1771 391 haereret,
1814 357 1895 397 690,

267 409 381 464 quod
411 409 451 449 in
496 409 530 449 P
562 418 778 449 servatum
819 411 1003 450 sermoni
1036 410 1237 450 Plautino
1276 409 1435 464 optime
1475 410 1686 462 convenit,
1726 409 1895 451 delevit.

381 476 533 530 Neque
574 478 712 518 miuus
744 493 898 533 graves
941 477 1087 518 turbas
1120 479 1157 518 A
1190 492 1315 518 versu
1356 477 1596 531 insequenti
1638 493 1789 534 passus
1822 485 1895 520 est.

323 556 387 596 A:
425 555 594 596 Utinam
628 556 753 597 item
786 572 809 597 a
842 557 1052 612 principio
1084 557 1142 597 rei
1176 556 1508 612 pepercisses
1541 572 1660 598 meae

428 624 483 666 Ut
515 639 627 665 nuuc
661 625 847 681 repercis
880 625 1022 669 saviis.

321 692 376 732 P:
417 691 591 734 Utinam
625 709 649 733 a
682 693 891 749 principio
924 693 984 735 rei
1015 694 1137 734 item
1171 693 1442 748 parsisses
1475 709 1594 736 meae

419 760 475 802 Ut
510 776 620 802 nunc
655 762 841 816 reparcis
873 762 1016 803 saviis.

267 828 495 869 Abraham
529 844 567 884 p.
595 829 677 870 ‘214
702 828 918 870 Palatinos
951 829 1004 870 ab
1036 830 1150 870 omni
1183 839 1303 884 parte
1333 830 1485 886 probat
1516 830 1644 884 idque
1677 846 1753 871 suo
1785 830 1896 885 iure3

268 912 367 938 nam
400 912 496 938 cum
528 897 710 939 Plautus
744 913 767 938 a
801 899 930 939 verbo
971 898 1173 953 parcendi
1214 899 1373 952 ubique
1414 900 1647 954 perfectum
1684 901 1802 955 parsi
1832 899 1898 940 de·

267 967 376 1006 rivet
391 967 439 1019 ¹),
469 966 741 1007 manifestum
761 976 835 1016 cst,
860 967 903 1007 in
922 967 957 1007 A
979 982 1054 1022 pro
1078 968 1320 1021 antiquiore
1337 968 1475 1008 forma
1497 968 1718 1023 vulgarem
1738 968 1900 1009 illatam

271 1049 383 1083 esse3
416 1050 498 1075 non
531 1034 661 1090 igitur
693 1035 847 1075 rationi
885 1035 1187 1077 convenienter
1218 1036 1475 1092 Spengelius
1514 1043 1555 1077 et
1586 1036 1826 1078 Schoellius
1857 1036 1900 1077 in

272 1103 515 1144 adulterina
545 1104 682 1143 forma
714 1103 845 1144 latere
875 1106 1100 1160 repersisses
1132 1112 1330 1159 putantes
1364 1104 1628 1159 scripserunt

546 1171 717 1214 Utinam
750 1188 774 1213 a
807 1173 1018 1228 principio
1050 1172 1111 1214 rei
1143 1173 1395 1229 repersisses
1428 1187 1558 1215 meae.

267 1247 489 1294 praeterea
526 1241 641 1294 quod
698 1241 874 1282 verbum
918 1241 1168 1298 repercendi
1223 1242 1462 1295 insequenti
1507 1257 1632 1283 versu
1678 1241 1900 1297 repetitur,

267 1323 334 1348 me
359 1308 529 1364 quidem
576 1309 715 1350 iudice
755 1311 1028 1351 coniecturae
1070 1310 1197 1350 fidem
1240 1324 1324 1350 non
1369 1316 1458 1351 tam
1495 1310 1731 1359 confirmat,
1771 1325 1899 1366 quam

267 1377 475 1431 infringit.
511 1377 591 1418 hoc
614 1386 756 1418 autem
775 1377 817 1418 in
842 1378 979 1419 medio
1002 1377 1329 1431 relinquendum
1352 1387 1430 1427 est,
1452 1387 1593 1419 utrum
1618 1385 1900 1419 correctorem

266 1444 401 1486 forma
434 1448 671 1501 pepercisses
716 1446 836 1487 illata
878 1447 1073 1488 voculam
1117 1448 1209 1487 item
1247 1446 1370 1487 metri
1407 1446 1547 1503 gratia
1587 1447 1900 1502 transposuisse

267 1522 479 1568 putemus,
514 1521 559 1555 ut
590 1513 660 1554 hic
691 1514 729 1555 ei
762 1529 908 1555 versus
942 1514 1194 1557 tribuendus
1226 1514 1298 1555 sit:

515 1593 685 1635 Utinam
719 1594 818 1635 item
849 1595 874 1632 H
909 1594 1118 1650 principio
1151 1595 1211 1636 re1'
1242 1594 1506 1651 pepercisses
1538 1609 1657 1636 meae

266 1687 321 1691 ——
351 1662 464 1718 quod
489 1662 584 1703 ideo
616 1678 769 1718 parum
803 1662 1112 1720 probabilitatis
1146 1663 1294 1719 habet,
1328 1663 1442 1720 quod
1475 1678 1599 1705 versu
1632 1662 1900 1705 antecedenti

268 1730 309 1770 in
344 1745 413 1785 ⁶²90
444 1731 515 1770 &hs
546 1730 774 1773 offendisse
807 1740 1088 1774 correctorem
1123 1732 1310 1773 diximus
1344 1758 1395 1764 -
1428 1747 1483 1773 an
1514 1732 1645 1787 inepti
1678 1732 1901 1773 cuiusdam

269 1799 539 1853 grammatici
573 1815 702 1842 manu
734 1801 880 1842 turbas
904 1809 1025 1842 natas
1058 1816 1149 1842 esse
1181 1801 1421 1843 credamus.

381 1865 632 1908 Transimus
687 1869 741 1909 ad
790 1884 961 1910 versum
1012 1870 1204 1925 inprimis
1244 1869 1586 1919 memorabilem,
1641 1869 1713 1910 ubi
1762 1870 1900 1924 primo

268 1934 417 1976 obtutu
450 1935 523 1976 vix
556 1937 783 1992 quisquam
805 1938 1087 1979 Ambrosiani
1111 1939 1420 1995 praestantiam
1454 1954 1537 1979 non
1563 1938 1723 1988 laudet,
1747 1938 1901 1980 acriter

269 2018 369 2044 vero
421 2005 684 2046 intuentibus
735 2006 921 2047 Palatini
976 2007 1100 2048 unice
1153 2006 1399 2061 probantur.
1481 2007 1609 2063 Epz'd.
1659 2006 1739 2047 165
1795 2005 1901 2047 Am-

267 2071 504 2121 brosianus,
538 2073 608 2127 qui
644 2075 822 2115 Goetzio
854 2090 1026 2130 quoque
1058 2076 1279 2130 imposuit,
1313 2076 1418 2117 haec
1449 2075 1595 2117 habet:

381 2140 449 2181 Ne
482 2141 603 2182 hinc
635 2144 748 2183 foras
781 2144 1087 2185 cxambulet
1118 2158 1224 2184 neve
1258 2144 1430 2186 obviam
1464 2144 1603 2184 veniat
1637 2144 1739 2184 seni.

268 2209 319 2249 de
356 2224 439 2262 quo
480 2210 705 2252 audiamus
736 2211 993 2265 Langenum
1033 2227 1072 2267 p.
1107 2212 1188 2255 205
1221 2212 1279 2253 ita
1311 2212 1616 2267 disputantem:
1650 2211 1747 2261 ‚Die
1778 2210 1900 2253 Com-

268 2278 408 2332 posita
441 2292 522 2318 vou
547 2278 782 2327 ambulare,
815 2281 974 2321 welche
1008 2280 1074 2321 bei
1098 2280 1279 2322 Plautus
1315 2281 1606 2330 vorkomnien,
1639 2280 1900 2322 bezeichnen

272 2346 389 2386 nicht
431 2346 497 2387 die
530 2347 782 2403 Bewegung
814 2364 894 2389 von
929 2350 1065 2389 einem
1098 2347 1203 2390 Orte
1237 2364 1329 2404 weg
1366 2364 1417 2390 zu
1449 2349 1587 2390 einem
1620 2348 1780 2390 andern
1812 2349 1900 2398 hin,

273 2414 456 2454 sondcrn
498 2430 577 2456 nur
616 2416 708 2457 eine
752 2416 1000 2472 Bewegung
1038 2416 1263 2458 innerhalb
1304 2417 1417 2457 eines
1457 2416 1647 2457 Raumes
1686 2417 1779 2470 ,auf
1812 2415 1900 2457 und

269 2481 492 2536 abgehen.‘
545 2483 688 2537 itaque
708 2483 786 2525 hoc
812 2484 905 2525 loco
929 2483 1058 2525 verbo
1086 2483 1391 2526 exambulaudi
1420 2484 1674 2540 significatio
1695 2500 1718 2525 a
1742 2484 1898 2526 Plauto

270 2549 409 2590 aliena
439 2550 691 2604 imponitur3
715 2553 881 2593 accedit
907 2552 1045 2606 aliud3
1072 2553 1212 2608 pergit
1229 2553 1342 2593 enim
1368 2552 1623 2608 Langenus:
1647 2553 1761 2604 ,hinc
1785 2553 1899 2594 kann

270 2618 514 2671 unmoglich
535 2619 691 2673 richtig
709 2620 811 2661 sein.
846 2620 1054 2674 Epidicus
1073 2621 1234 2674 spricht
1260 2620 1328 2662 die
1346 2620 1495 2662 lVorte
1515 2635 1592 2662 vor
1614 2620 1709 2661 dem
1733 2620 1897 2670 Hause,

269 2701 313 2725 er
339 2687 423 2727 will
459 2687 539 2727 den
572 2688 738 2743 jungen
771 2688 900 2729 Manu
943 2703 1124 2737 warnen,
1164 2689 1283 2729 nicht
1321 2704 1395 2730 aus
1425 2689 1520 2730 dem
1548 2689 1698 2730 Hause
1723 2690 1801 2731 auf
1831 2689 1898 2730 die

271 2755 438 2796 Sti-asse
458 2771 508 2796 zu
529 2756 742 2808 kommen,
766 2757 856 2798 also
880 2772 994 2797 muss
1013 2772 1056 2797 es
1081 2757 1360 2812 nothwendig
1377 2757 1450 2797 leuc
1474 2758 1586 2810 foras
1606 2757 1773 2799 heissen
1796 2757 1835 2802 d.
1857 2758 1898 2801 h.

272 2837 316 2862 er
335 2822 538 2863 sollnicht
558 2823 687 2864 dahin
706 2825 917 2873 kommen,
931 2839 993 2865 wo
1004 2824 1212 2879 Epidicus
1224 2825 1313 2865 sich
1325 2824 1456 2866 selbst
1472 2825 1818 2881 augenblicklich
1830 2825 1899 2867 be-

387 2948 411 2991 ¹)
435 2946 535 2980 l'nus
563 2952 745 2991 repugnat
771 2961 802 2982 v.
822 2950 900 2982 Aul.
926 2950 1003 2990 341,
1030 2949 1091 2982 ubi
1110 2950 1301 2984 Abraham
1319 2951 1341 2984 l.
1363 2962 1392 2984 c.
1418 2951 1531 2983 nisisi
1554 2951 1711 2994 parseris
1727 2949 1897 2984 coniecit.
