2020 3278
1095 121 1149 163 96

306 260 342 301 P
375 261 414 301 in
449 260 585 315 primo
628 273 753 300 versu
791 259 970 315 exiguas
1001 260 1214 315 genuinae
1247 260 1485 315 scripturae
1516 276 1695 303 meamne
1727 262 1930 320 reliquias

305 336 529 371 servarunt
567 328 608 369 in
649 343 872 377 meamcme,
911 328 1025 382 quod
1066 328 1127 370 Β1
1162 329 1241 371 OD
1280 328 1503 384 praebent.
1548 330 1622 371 sed
1660 330 1788 372 iidem
1837 347 1933 373 cum

306 411 472 447 omnes,
519 398 552 437 si
592 411 616 436 a
648 395 836 437 secunda
876 411 1004 437 manu
1046 397 1206 438 codicis
1239 397 1394 438 veteris
1426 397 1679 448 recedimus,
1713 401 1836 440 invita
1865 401 1928 441 lw-

305 468 411 522 spita
443 465 611 506 tradant
635 475 675 506 et
697 464 738 505 in
762 465 886 505 tertio
917 478 1044 505 versu
1077 463 1234 521 ubique
1275 465 1562 507 nominativos
1594 468 1839 518 ostendant,
1879 468 1932 510 de

308 533 484 577 consilio
516 533 760 588 corrigendi
792 547 874 574 non
907 533 987 573 erit
1018 531 1313 574 dubitandum.

417 615 563 656 Pseud.
597 612 678 655 739
710 611 894 666 ‚Ecquid
918 619 1060 653 autem
1086 612 1211 653 homo
1237 613 1367 654 habet
1398 616 1508 656 aceti
1540 615 1581 655 in
1614 616 1816 670 pectore?
1837 617 1854 671 Η
1877 623 1933 658 at-

303 699 385 739 que
420 683 766 724 acidissumum‘
797 681 860 735 A3
896 688 1014 736 atque
1046 682 1278 722 acidis-sumt
1309 682 1390 737 P1)

416 763 538 805 Stich.
576 761 630 803 89
676 763 799 811 ,ferre
847 760 1076 801 advorsum
1124 760 1283 801 homini
1325 776 1583 816 occupemus
1623 762 1830 804 osculum‘
1873 764 1933 813 A;

299 833 495 873 hominem
526 831 576 881 P,
609 828 933 871 accomodatum
966 829 1166 870 nimirum
1199 830 1502 884 praepositioni
1536 832 1758 873 advorsum.

412 913 559 953 Pseud.
595 910 700 952 1007
735 924 878 965 ‚perge
900 923 1028 963 opera
1053 909 1300 965 experirier‘
1322 907 1378 959 A,
1401 924 1565 965 operam
1588 909 1636 963 P,
1661 910 1715 951 ad
1746 909 1927 952 verbum

299 980 454 1023 obiecti
486 981 579 1021 vice
610 979 804 1020 relatum.

412 1060 538 1116 Epz'cl.
573 1059 653 1102 162
693 1057 807 1108 ,Non
847 1058 959 1098 enim
999 1072 1111 1098 nunc
1143 1057 1402 1099 dormitandi
1433 1073 1572 1112 neque
1603 1059 1831 1101 cunctandi
1865 1074 1930 1101 co-

297 1129 422 1185 piast‘
446 1129 502 1177 A,
526 1129 828 1169 (Zorrrzz'tumlum
850 1128 926 1182 (sc.
952 1128 1022 1182 est)
1049 1126 1094 1168 P.
1119 1128 1170 1168 cf.
1196 1126 1316 1168 Stich.
1344 1126 1426 1167 280
1459 1126 1599 1176 ,Nunc
1633 1127 1710 1169 tibi
1741 1134 1929 1184 potestas

297 1196 563 1252 adipiscendi
597 1203 659 1237 est
691 1195 884 1249 gloriam‘
917 1194 972 1249 P3
1007 1196 1269 1250 adipiscenda
1300 1196 1355 1237 A.

418 1277 529 1319 Truc.
561 1275 645 1316 300
676 1274 828 1325 ,Nemo
862 1274 1000 1315 homo‘
1023 1275 1086 1324 A3
1133 1290 1244 1315 nemo
1275 1275 1470 1315 hominem
1503 1275 1547 1328 (i.
1580 1289 1614 1318 e.
1640 1275 1862 1330 hominum)
1895 1275 1927 1316 P

295 1346 528 1388 secundum
561 1345 785 1400 vulgarem
818 1343 1060 1387 dictionem.
1121 1343 1172 1384 de
1211 1357 1295 1397 quo
1327 1343 1420 1383 loco
1460 1344 1502 1383 in
1535 1343 1792 1384 contrariam
1832 1358 1926 1398 par-

295 1423 379 1456 tem
419 1413 625 1456 iudicavit
663 1412 927 1454 Ribbeckius
967 1414 1072 1453 Mus.
1106 1413 1186 1453 Rh.
1218 1411 1462 1454 XXXVII
1491 1427 1532 1467 p.
1560 1411 1657 1453 417.
1690 1412 1846 1454 etenim
1883 1413 1927 1454 in

294 1500 406 1525 nemo
443 1485 639 1524 hominem
678 1496 910 1537 agnoscere
949 1480 1029 1522 sibi
1062 1480 1231 1521 videtur
1260 1480 1514 1534 scripturam
1547 1495 1644 1522 vere
1679 1480 1926 1522 Plautinam

294 1568 406 1595 nemo
425 1555 540 1601 enim,
572 1566 682 1606 quae
705 1550 886 1592 similem
912 1548 1261 1604 depravationem
1293 1562 1497 1602 perpessa
1529 1549 1582 1589 sit
1614 1556 1741 1605 atque
1774 1564 1813 1589 v.
1846 1549 1926 1590 172

294 1629 374 1662 tam
408 1622 511 1662 enim
549 1620 691 1676 (codd.
725 1636 750 1659 α
780 1619 975 1673 mominz').
1016 1618 1056 1657 in
1091 1617 1133 1657 A
1155 1616 1209 1657 ad
1242 1616 1457 1657 scribendi
1480 1631 1664 1658 errorem
1695 1617 1925 1659 accessisse

293 1689 549 1731 emendandi
582 1688 829 1737 consilium,
871 1701 954 1740 quo
996 1700 1107 1726 nemo
1145 1685 1259 1725 homo
1297 1692 1445 1726 natum
1477 1685 1542 1726 sit.
1583 1700 1668 1739 qua
1698 1685 1741 1726 in
1780 1701 1825 1727 re
1857 1700 1923 1727 me

293 1758 467 1813 quidem
500 1757 807 1799 adsentientem
848 1770 931 1796 non
973 1753 1118 1803 habet3
1165 1769 1264 1794 nam
1296 1768 1408 1794 nemo
1437 1753 1551 1794 homo
1582 1754 1696 1809 apud
1719 1753 1923 1796 Plautum

291 1829 429 1869 rarius
463 1835 525 1868 est
556 1825 741 1882 (duobus
772 1825 875 1866 locis
909 1838 975 1865 me
1007 1824 1149 1879 legere
1178 1822 1350 1864 memini
1393 1822 1481 1864 Vici.
1514 1821 1564 1863 II
1592 1821 1631 1872 8,
1662 1822 1774 1863 Pers.
1807 1822 1923 1879 211),

291 1911 420 1951 quam
452 1895 566 1952 quod
597 1894 826 1938 coniecerit
855 1891 1174 1948 grammaticus.

403 1976 525 2017 Poen.
570 1975 678 2017 1304
723 1972 855 2024 ‚adire
903 1978 1105 2013 certumst
1152 1969 1265 2011 hanc
1311 1970 1560 2011 amatricem
1607 1971 1818 2012 Africam‘
1857 1972 1922 2021 A;

290 2045 391 2085 Ιιαησ
423 2045 478 2084 ad
509 2044 740 2084 amatricem
771 2041 821 2091 P,
861 2040 935 2082 ubi
974 2039 1199 2081 consilium
1230 2038 1470 2094 corrigendi
1503 2054 1555 2080 ex
1589 2039 1917 2094 praepositionis

291 2112 569 2155 collocatione
600 2111 875 2166 perspicuum
898 2109 956 2150 fit.

408 2192 496 2235 Cas.
528 2192 576 2234 II
609 2192 646 2242 2,
682 2192 732 2233 15
773 2191 852 2240 ,vir
890 2204 955 2230 me
998 2188 1128 2230 habet
1168 2187 1379 2243 pessumis
1421 2187 1641 2242 despicatu
1682 2188 1832 2229 modis‘
1864 2188 1921 2239 A,

291 2263 537 2317 (lespicatam
567 2260 616 2302 P.
651 2260 701 2302 cf.
732 2259 956 2301 Bentleius
989 2258 1041 2298 ad
1074 2256 1172 2298 Ter.
1205 2257 1312 2299 Eun.
1345 2255 1393 2297 II
1424 2256 1463 2306 3,
1495 2255 1559 2297 93.

401 2342 524 2382 Mero.
565 2340 648 2382 553
694 2340 750 2389 ‚id
795 2340 879 2380 iam
920 2339 1147 2387 lucrumst,
1191 2336 1303 2393 quod
1343 2337 1467 2376 vivis‘
1508 2335 1572 2385 A3
1627 2336 1733 2376 lucro
1770 2335 1820 2385 P,
1866 2335 1920 2376 ad

288 2409 508 2464 exemplar
532 2425 597 2451 vv,
620 2411 734 2450 Asin.
761 2409 853 2450 192.
901 2408 1008 2448 Men.
1032 2406 1127 2458 356,
1153 2412 1199 2446 ut
1220 2404 1403 2453 videtur,
1433 2404 1654 2458 scriptum.
1701 2405 1812 2444 Pers.
1837 2404 1919 2445 713

289 2492 451 2528 ‚verum
482 2477 619 2519 fecisti
654 2477 772 2518 lucri‘
807 2476 903 2527 AB,
945 2476 1097 2516 lum-um
1129 2472 1219 2516 OD.

401 2557 550 2599 Bacch.
596 2556 675 2597 947
730 2555 1052 2606 ,Mnesilochust
1105 2552 1380 2601 Alexander,
1430 2552 1501 2606 qui
1548 2553 1627 2593 erit
1675 2552 1805 2593 exitio
1858 2551 1918 2593 rei

401 2785 428 2827 ¹)
456 2784 501 2817 In
515 2782 626 2817 simili
641 2795 764 2817 rerum
779 2782 997 2818 condicione
1014 2782 1040 2816 P
1056 2784 1250 2826 utramque
1269 2781 1493 2825 scripturam
1514 2781 1707 2813 servarunt
1732 2779 1832 2813 Truc.
1849 2779 1916 2813 425

287 2839 381 2883 ‚Non
413 2840 523 2874 audes
556 2840 712 2883 aliquid,
745 2840 794 2873 nii
821 2839 960 2880 anime,
995 2839 1082 2873 dare
1108 2838 1340 2885 1nu11usculi‘3
1376 2839 1429 2871 sic
1453 2836 1614 2870 Brixius.
1663 2835 1914 2869 munusciuz‘lim

287 2896 328 2937 B,
353 2908 472 2929 munus
498 2897 650 2929 cinilimn
676 2896 752 2936 UD,
784 2896 820 2929 in
847 2896 978 2939 quibus
1005 2895 1199 2939 scripturis
1225 2897 1299 2927 tam
1327 2893 1559 2926 munusculum
1585 2903 1692 2935 quam
1721 2891 1912 2925 munusculi

287 2953 387 2985 latet.
