2020 3278
1076 183 1155 223 130

293 319 958 365 erstereWahrscbeinliclikcit‘.
991 318 1064 360 ubi
1088 332 1168 374 ego
1193 318 1234 358 in
1258 317 1515 358 contrariam
1541 324 1705 372 partem
1731 316 1919 361 discedo,

293 405 478 445 namque
502 416 557 421 -—
581 396 624 430 ut
660 391 769 430 intra
791 388 917 429 Stichi
936 388 1040 428 fines
1065 402 1140 427 nos
1172 395 1392 428 teneamus
1417 411 1463 416 —
1486 400 1583 427 cum
1617 387 1658 426 in
1690 400 1740 427 ea
1772 400 1920 428 versus

294 459 390 502 535.
412 458 507 502 387.
529 458 768 500 427—429.
794 455 1033 505 441—445,
1055 470 1161 509 quos
1194 454 1414 496 scaenicae
1447 453 1739 495 retractationi
1772 453 1916 495 deberi

296 527 609 568 demonstrasse
631 525 735 565 mihi
760 524 918 573 videor,
942 524 980 564 in
1008 524 1051 564 A
1073 524 1162 564 solo
1190 531 1349 572 extent,
1382 538 1529 564 versus
1560 534 1703 564 autem
1733 522 1917 572 48-——57‚

294 595 367 651 qui
394 595 495 636 item
523 609 577 635 ex
599 592 806 634 eiusmodi
834 593 1135 633 retractatione
1167 606 1301 645 eaque
1334 590 1503 632 diversa
1535 591 1588 632 ab
1623 591 1708 640 illa,
1741 590 1783 631 in
1814 590 1914 631 solis

293 662 351 712 P,
400 662 434 703 si
469 662 635 704 Goetzii
675 662 884 702 sententia
925 660 1221 714 amplectenda
1261 667 1391 709 esset,
1431 675 1575 701 ornnes
1617 660 1657 700 hi
1701 675 1845 701 versus
1877 661 1919 701 in

295 730 509 772 communi
531 730 751 783 utriusque
784 728 1040 769 recensionis
1073 728 1308 783 archetypo
1344 736 1378 782 ψ
1409 729 1608 777 fuiss-enm
1639 728 1745 769 illud
1778 736 1918 769 autem

294 798 515 853 exemplar
533 814 573 847 cc,
592 797 706 851 quod
727 796 1043 838 Ambrosianae
1063 797 1321 837 recensionis
1339 806 1486 838 auctor
1504 797 1557 837 ad
1576 797 1919 838 emendationem

294 866 451 908 codicis
484 882 508 907 a
539 881 582 907 se
615 865 799 907 confecti
830 865 1076 915 adhibebat,
1118 880 1214 906 eum
1250 872 1285 918 ψ
1318 880 1464 905 versus
1496 865 1588 906 535).
1622 864 1717 906 387.
1751 865 1831 906 427
1865 865 1919 906 ad

293 936 390 979 429.
414 935 641 976 441—445
662 934 941 989 interpolatos
960 948 1203 974 communes
1224 933 1442 974 habuisset
1459 933 1641 988 <absque
1659 933 1739 974 hoc
1758 934 1920 984 fuisset,

294 1019 365 1047 eos
387 1018 556 1060 quoque
582 1002 840 1057 delevisset),
874 1018 957 1042 non
981 1016 1081 1043 vero
1103 1002 1291 1051 48-5273
1324 1009 1471 1043 contra
1494 1002 1675 1043 alterum
1700 1002 1921 1057 exemplar

295 1073 518 1114 histricum
550 1086 596 1124 π,
631 1070 745 1127 quod
778 1070 958 1112 eundem
992 1071 1035 1111 in
1067 1071 1194 1111 finem
1227 1078 1374 1111 auctor
1406 1070 1664 1112 recensionis
1696 1070 1920 1112 Palatinae

293 1141 547 1189 adhibebat,
588 1154 683 1181 cum
723 1146 760 1193 ψ
800 1155 945 1180 versus
984 1139 1166 1180 48—57
1210 1140 1311 1181 item
1355 1140 1632 1195 interpolatos
1672 1154 1918 1181 communes

296 1209 527 1259 habuisset,
561 1223 644 1250 non
668 1223 769 1249 vero
802 1210 897 1251 535.
919 1208 1013 1250 387.
1030 1208 1268 1252 427—429.
1290 1209 1530 1251 441—4423.
1554 1210 1698 1262 itaque
1722 1208 1923 1250 iamnunc

296 1294 406 1320 nova
437 1277 630 1332 quaestio
661 1278 872 1327 exoritur,
905 1277 1122 1318 undenam
1154 1278 1195 1317 in
1229 1277 1448 1332 exemplar
1479 1293 1506 1317 α
1540 1292 1686 1318 versus
1718 1276 1800 1317 535
1831 1276 1922 1318 rell.

292 1353 334 1388 et
367 1349 409 1388 in
441 1345 661 1400 exemplar
689 1359 725 1386 π
758 1360 905 1386 versus
936 1345 1103 1386 48-57
1136 1346 1423 1400 pervenerint,
1456 1345 1669 1399 quomodo
1702 1346 1834 1401 igitur
1865 1345 1915 1386 si-

295 1414 489 1456 militudo
520 1429 607 1456 una
638 1420 679 1454 ct
709 1413 935 1455 diversitas
968 1421 1055 1454 tam
1087 1414 1196 1454 inter
1230 1421 1264 1468 ψ
1296 1423 1336 1454 et
1367 1430 1413 1467 α,
1448 1429 1577 1468 quam
1608 1414 1718 1455 inter
1750 1421 1787 1468 ψ
1818 1421 1858 1455 et
1887 1428 1923 1454 π

295 1482 555 1539 explicanda
586 1483 652 1523 sit.
700 1481 818 1522 vides
851 1483 893 1522 in
925 1481 1202 1523 difficultates
1236 1481 1554 1523 inextricabiles
1591 1497 1667 1523 nos
1707 1481 1920 1538 implicari

298 1552 465 1595 Goetzii
489 1551 698 1606 opinione.
733 1558 775 1591 at
799 1551 895 1591 vide
919 1566 1049 1605 quam
1071 1550 1195 1591 facile
1221 1550 1363 1590 omnia
1381 1550 1678 1605 expediantur,
1703 1549 1738 1590 si
1755 1564 1922 1591 mecum

295 1621 458 1670 credis,
505 1620 619 1673 quod
665 1619 720 1659 ad
763 1619 1109 1674 persuadendum
1148 1633 1276 1672 quam
1318 1618 1502 1659 maxime
1549 1617 1791 1674 appositum
1839 1624 1921 1659 est:

294 1688 558 1745 exemplaria
598 1687 669 1728 illa
702 1687 889 1740 histrica,
924 1688 978 1728 ad
1010 1703 1190 1742 quorum
1223 1702 1416 1727 normam
1449 1695 1643 1728 auctores
1675 1693 1716 1727 et
1744 1686 1921 1728 Ambro-

297 1760 405 1800 siani
439 1764 480 1799 et
510 1756 804 1797 Palatinorum
837 1756 1095 1797 recensionis
1127 1756 1258 1797 libros
1292 1770 1388 1796 suos
1422 1755 1716 1809 corrigebant,
1756 1763 1797 1796 et
1826 1754 1923 1812 ipsa

296 1826 552 1882 interpolata
573 1826 724 1873 fuisse3
758 1826 901 1879 itaque
926 1825 961 1865 si
984 1840 1090 1881 quos
1113 1839 1261 1865 versus
1285 1824 1327 1864 in
1362 1823 1441 1864 illis
1474 1823 1515 1873 ii,
1548 1823 1619 1877 qui
1654 1821 1921 1864 recensiones

295 1893 548 1943 condebant,
571 1894 824 1934 invenerunt
849 1908 993 1943 novos,
1015 1893 1066 1933 iis
1090 1893 1220 1934 libros
1244 1908 1341 1933 suos
1364 1899 1599 1940 auxerunt3
1633 1906 1780 1941 versus
1805 1906 1919 1944 vero,

297 1965 369 2020 qui
392 1964 434 2004 in
460 1963 542 2004 illis
566 1961 884 2017 exemplaribus
908 1961 1095 2002 histricis
1118 1976 1198 2001 non
1231 1960 1448 2009 extabant,
1483 1962 1523 2000 in
1556 1960 1745 2015 ipsorum
1779 1968 1920 2000 autem

298 2031 518 2073 codicibus
556 2029 808 2085 legebantur
846 2045 900 2070 ex
939 2029 1173 2085 archetypo
1212 2030 1432 2083 utriusque
1473 2028 1731 2070 recensionis
1771 2043 1920 2083 propa-

296 2101 399 2157 gati,
422 2114 492 2141 eos
518 2114 789 2153 nequaquam
812 2114 905 2139 cam
928 2098 980 2139 ob
1004 2113 1175 2140 causam
1201 2099 1468 2147 deleverunt,
1501 2097 1604 2151 quid
1638 2098 1749 2138 enim
1784 2097 1921 2152 magis

298 2176 632 2211 consentaneum
655 2175 730 2215 est,
763 2182 892 2223 quam
924 2176 969 2207 ut
1003 2167 1098 2208 illos
1132 2182 1279 2207 versus
1310 2167 1352 2207 in
1385 2167 1471 2206 suis
1504 2165 1735 2214 codicibus,
1769 2165 1845 2206 hos
1876 2165 1920 2205 in

296 2238 381 2279 illis
412 2235 730 2292 exemplaribus
764 2235 946 2277 histrieis
978 2236 1153 2291 periisse
1187 2236 1410 2291 putarent?
1452 2249 1548 2274 nam
1581 2234 1632 2274 de
1665 2248 1810 2275 eorum
1842 2233 1919 2275 ori-

294 2306 393 2362 gine
432 2314 506 2346 aut
543 2304 743 2345 Plautina
780 2312 854 2345 aut
899 2304 1126 2346 subditicia
1173 2303 1465 2360 quaestionem
1514 2303 1585 2343 vix
1633 2302 1921 2343 instituerunt.

296 2390 346 2417 ea
376 2374 507 2430 igitur
538 2373 860 2414 ratiocinatione
894 2373 1045 2414 ductus
1078 2373 1130 2414 de
1163 2383 1250 2413 tota
1284 2373 1361 2413 bac
1394 2371 1640 2425 quaestione
1675 2369 1876 2411 iudicavi.

409 2441 463 2482 In
494 2441 531 2482 P
563 2449 704 2483 autem
737 2441 977 2482 scaenicum
1005 2441 1259 2497 originem¹)
1300 2441 1512 2481 redolent:

297 2511 424 2566 Epid.
459 2510 676 2552 109—111
1086 2510 1180 2566 quis
1212 2512 1291 2551 erit
1324 2509 1423 2550 vitio
1457 2508 1529 2563 qui
1562 2507 1604 2548 id
1638 2514 1775 2548 vortat
1808 2505 1920 2547 tibi?

409 2578 420 2633 ΙΙ
452 2577 534 2631 Qui
568 2578 776 2627 invident,
810 2593 955 2619 omnes
987 2578 1181 2619 inimicos
1214 2577 1317 2617 mihi
1347 2577 1446 2617 illoc
1477 2578 1590 2616 facto
1622 2574 1802 2631 repperi.

412 2649 469 2688 At
499 2646 732 2701 pudicitiae
764 2648 854 2688 eius
886 2661 1118 2701 numquam
1151 2661 1229 2687 nec
1264 2647 1348 2686 vim
1380 2659 1457 2686 nec
1490 2644 1639 2684 vitium
1672 2643 1805 2685 attuli.

412 2717 422 2771 ll
453 2715 546 2756 Iam
585 2715 690 2756 istoc
735 2714 908 2769 probior
947 2730 989 2756 es
1023 2728 1115 2755 meo
1154 2713 1327 2768 quidem
1365 2713 1526 2762 animo,
1564 2726 1660 2753 cum
1698 2711 1742 2751 in
1777 2725 1920 2752 amore

1587 2788 1809 2834 temperes·

299 2853 352 2892 cf.
384 2850 592 2894 Goetzius
623 2851 649 2892 l.
683 2865 718 2893 c.
750 2865 789 2906 p.
821 2850 905 2892 270
936 2850 1033 2892 adn.

416 3002 441 3043 ¹)
466 3000 617 3044 Ineptas
638 3000 958 3044 interpolationes,
992 2998 1093 3032 velut
1125 3000 1209 3041 post
1242 2997 1449 3031 P.s·eud.(396
1473 2994 1519 3029 al.
1546 2994 1696 3029 omnino
1722 3005 1795 3028 non
1821 3003 1919 3029 curo.

2015 3099 2020 3278 ἕ
