2020 3278
1089 143 1115 187 4

344 280 494 325 Iamne
525 282 617 325 abis
650 283 724 324 tu?
758 281 862 340 [abit
894 283 1111 340 profecto]
1145 297 1259 324 nunc
1291 280 1467 323 consilio
1501 296 1602 324 sano
1635 289 1760 338 opust

347 351 502 409 [Ambo
534 350 762 408 abi]erunt.
824 351 922 393 vide
955 351 1184 403 Gelasime,
1219 349 1323 406 quid
1356 350 1569 405 capturu's
1602 350 1764 395 consili.

402 420 600 476 Denique
652 421 693 461 in
749 421 888 476 priore
941 420 1165 460 Trz‘nwmni
1218 419 1405 460 editione
1457 418 1512 458 ad
1559 433 1707 460 versus
1760 420 1916 460 cantici

288 489 528 531 264—275
560 487 878 529 constituendos
917 489 1186 529 coniunctam
1227 486 1500 528 Ambrosiani
1540 494 1581 528 et
1626 486 1914 529 Palatium-um

289 558 535 599 memoriam
571 555 789 608 adhibuit,
831 556 872 596 in
910 554 1045 597 altera
1083 555 1239 597 rectius
1279 555 1321 595 in
1356 554 1443 596 solo
1475 554 1765 598 Ambrosiano
1796 557 1914 598 nisus

288 641 436 667 versus
478 625 704 681 discripsit.
782 639 919 680 neque
961 625 1072 665 enim
1113 625 1404 679 perseveravit
1444 624 1486 664 in
1527 638 1577 664 ea
1622 639 1749 680 quam
1791 624 1915 666 modo

287 694 541 736 adumbravi
588 694 816 745 sententia,
864 692 937 734 sed
977 707 1060 748 quo
1109 693 1249 747 magis
1295 691 1417 733 crisis
1456 690 1682 733 Plautinae
1728 691 1915 734 indolem

287 763 528 818 perspexit,
569 768 648 818 ego
681 762 817 815 magis
849 760 903 802 ab
936 760 1014 802 hoc
1047 760 1204 802 iudicio
1228 759 1472 801 declinavit.
1526 774 1710 817 namque
1743 775 1840 802 cum
1872 761 1915 802 in

289 831 576 887 Opus-culmum
617 829 831 871 volumine
870 829 1003 870 altero
1050 830 1200 871 iterum
1243 827 1469 885 epistulam
1507 827 1644 882 illam,
1691 843 1818 885 quam
1859 828 1914 871 ad

285 899 581 941 Hermannum
607 899 782 953 triginta
805 899 927 938 annis
960 904 1058 938 ante
1090 899 1333 953 scripserat,
1366 896 1526 950 ederet,
1562 898 1604 938 in
1636 897 1911 939 adnotatione

286 968 385 1024 (Op.
404 968 474 1023 ple.
508 967 551 1008 11
576 967 677 1022 193)
709 965 879 1007 disertis
912 966 1056 1007 verbis
1079 965 1294 1021 professus
1327 973 1389 1006 est
1420 980 1463 1007 se
1495 966 1580 1007 iam
1603 980 1652 1007 eo
1681 965 1913 1007 adductum

285 1052 395 1088 csse,
430 1044 474 1077 ut
505 1036 794 1077 recensionem
826 1033 1067 1076 fabularum
1101 1033 1393 1075 Plautinarum
1426 1033 1616 1075 consulto
1654 1034 1811 1076 factam
1849 1041 1915 1076 sat

287 1104 429 1146 multis
471 1104 573 1146 locis
612 1103 916 1159 agnosceret.¹)
977 1104 1079 1159 quin
1118 1118 1166 1144 eo
1206 1117 1456 1159 progressus
1495 1110 1576 1155 est,
1619 1111 1664 1143 ut
1701 1103 1913 1144 eiusmodi

287 1172 544 1214 recensionis
580 1171 750 1213 diversa
785 1170 1049 1227 exemplaria
1089 1172 1401 1226 repraesentari
1440 1169 1587 1212 codice
1626 1171 1832 1227 rescripto
1873 1178 1914 1213 et

284 1241 491 1283 Palatinis
532 1239 651 1281 libris
689 1240 923 1281 rectissime
957 1238 1240 1293 intellegeret3
1284 1238 1327 1279 id
1359 1237 1472 1294 quod
1508 1252 1740 1292 cognosces
1771 1239 1911 1289 exiis,

284 1325 392 1366 quae
426 1309 659 1364 disputavit
691 1309 733 1349 in
770 1307 1037 1349 Fleckeiseni
1068 1308 1281 1347 annalibus
1322 1306 1429 1349 1868
1461 1322 1501 1362 p.
1535 1305 1618 1347 342
1648 1327 1705 1344 =
1741 1307 1815 1363 Op.
1838 1308 1909 1363 ph.

283 1378 347 1419 111
376 1379 511 1432 7912),
546 1392 629 1433 quo
652 1376 801 1418 eodem
832 1375 925 1418 loco
952 1376 1005 1417 de
1030 1375 1328 1417 recensionum
1346 1376 1484 1432 pretio
1509 1383 1550 1417 et
1575 1376 1827 1418 auctoritate
1850 1377 1909 1418 ita

286 1447 459 1499 iudicat,
495 1454 539 1487 ut
571 1445 809 1487 Palatinam
839 1444 1133 1486 recensionem
1166 1460 1247 1485 non
1282 1459 1364 1486 uno
1395 1445 1565 1486 nomine
1598 1444 1909 1486 Ambrosianae

283 1523 499 1572 praestare
546 1513 764 1556 concedat.
833 1513 963 1554 nihilo
1003 1514 1133 1555 setius
1172 1514 1214 1554 in
1254 1513 1502 1554 recensione
1540 1512 1814 1568 agnoscenda
1852 1513 1909 1554 in-

286 1585 546 1626 constantior
587 1583 667 1624 fuit
704 1583 745 1624 in
779 1581 913 1623 altera
952 1581 1194 1623 Trinummi
1232 1581 1430 1623 editione.
1491 1596 1589 1623 nam
1629 1596 1681 1623 ne
1719 1596 1907 1636 urgeam,

284 1653 395 1709 quod
430 1652 622 1709 pluribus
655 1652 757 1693 locis
790 1650 1135 1692 retractationem
1166 1650 1323 1691 factam
1356 1665 1448 1692 esse
1480 1665 1561 1691 non
1591 1649 1906 1703 animadvertit,

282 1722 323 1762 in
363 1721 586 1762 'l'rinummi
614 1736 653 1762 v.
680 1720 772 1773 186,
807 1718 879 1761 ubi
911 1718 1073 1776 duplex
1103 1719 1145 1760 in
1170 1719 1206 1760 A
1229 1719 1405 1761 mut-atio
1437 1719 1578 1772 efficit,
1612 1725 1657 1760 ut
1688 1718 1741 1761 de
1762 1734 1904 1761 recen-

282 1790 399 1830 sione
451 1789 565 1830 facta
611 1788 798 1830 dubitari
843 1796 1049 1844 nequeat,
1099 1787 1356 1829 Ritschelius
1404 1787 1528 1829 nimis
1575 1795 1698 1829 caute
1744 1787 1912 1830 addidit

281 1865 368 1910 ,aut
407 1872 548 1899 errore
587 1865 659 1898 aut
698 1872 720 1899 e
759 1858 1018 1898 correctione
1058 1857 1247 1898 metrica‘
1286 1857 1364 1898 hoc
1397 1864 1543 1898 natum
1579 1871 1683 1898 esse.
1743 1856 1796 1898 de
1829 1855 1911 1897 dis—

281 1925 465 1967 tinendis
491 1925 601 1967 inter
629 1941 673 1967 se
705 1925 971 1967 diversarum
994 1927 1289 1967 recensionum
1307 1926 1528 1981 scripturis
1552 1940 1605 1966 ne
1627 1925 1714 1967 illic
1736 1926 1909 1981 quidem

284 1994 456 2036 disertis
473 1993 617 2036 verbis
641 1993 846 2036 iudicium
868 1995 990 2043 fecit3
1023 1995 1064 2035 in
1089 1994 1334 2036 universum
1360 2000 1516 2043 autem,
1540 2008 1592 2034 ne
1616 1992 1908 2050 discrepantes

395 2224 418 2263 ¹)
445 2220 548 2262 ,Dass
574 2220 634 2254 ich
653 2220 733 2255 hier
758 2221 794 2255 in
813 2220 878 2255 der
895 2221 1140 2267 Verneinung
1161 2221 1266 2267 jeder
1294 2221 1578 2256 recensirenden
1596 2220 1823 2264 Thatigkeit,
1848 2220 1908 2255 die

278 2278 344 2312 mit
366 2278 615 2312 Bewusstsein
640 2278 715 2313 und
731 2278 892 2313 Absicht
909 2281 1034 2324 geiibt,
1060 2279 1310 2325 gelegentlich
1327 2278 1405 2313 sich
1422 2278 1514 2312 auch
1539 2278 1605 2312 auf
1624 2277 1688 2311 das
1705 2277 1906 2312 Metrische

281 2336 489 2370 erstrecken
527 2338 682 2377 musste,
719 2335 814 2369 doch
850 2348 893 2370 zu
927 2337 1012 2371 weit
1053 2348 1246 2382 gegangen
1285 2347 1369 2377 war,
1406 2335 1545 2369 konnte
1580 2334 1652 2368 mir
1684 2335 1808 2378 spater
1847 2333 1906 2368 bei

278 2392 343 2426 der
369 2392 574 2426 kritischen
605 2392 859 2436 Bearbeitung
890 2392 955 2426 der
987 2393 1178 2427 einzelnen
1203 2392 1341 2427 Stiicke
1374 2391 1478 2425 nicht
1511 2391 1714 2435 verborgen
1747 2389 1907 2431 bleiben,

280 2461 335 2482 wo
362 2449 544 2493 Beispiele
569 2459 691 2493 genug
715 2460 778 2482 ans
805 2447 917 2483 Licht
940 2452 1111 2494 getreten
1137 2449 1240 2483 sind*

390 2518 418 2560 ²)
443 2517 520 2557 ‚Bei
552 2517 799 2560 eingehender
830 2517 904 2551 und
938 2517 1214 2561 unbefangener
1239 2515 1493 2560 Betrachtung
1528 2515 1639 2559 [muss
1677 2513 1770 2559 sich]
1804 2515 1908 2548 mehr

278 2574 351 2608 und
385 2574 485 2608 mehr
518 2574 578 2608 die
604 2563 875 2618 chrzeugung
907 2573 1013 2607 Bahn
1045 2572 1217 2615 brechen,
1250 2573 1331 2606 dass
1362 2584 1458 2606 zwar
1489 2572 1527 2606 in
1559 2571 1687 2612 aliem,
1722 2582 1796 2605 was
1828 2570 1907 2605 sich

279 2632 343 2664 auf
357 2630 426 2664 den
454 2630 685 2664 natiirlichen
700 2630 850 2674 Vorzug
868 2630 968 2664 einer
985 2629 1421 2674 sechshundertjahrigen
1438 2627 1743 2672 Altersprioritiit
1754 2628 1905 2662 zuriick·

280 2687 409 2720 t'iihren
440 2687 538 2722 liisst.
557 2687 621 2720 der
642 2687 867 2731 Palimpsest
885 2685 1092 2729 unbedingt
1120 2685 1212 2719 iiber
1228 2685 1300 2719 den
1319 2685 1596 2719 Palatinischen
1611 2683 1907 2718 Handschriften

277 2743 385 2785 steht,
412 2755 456 2776 an
492 2743 570 2776 sich
596 2743 758 2787 dagegen
792 2743 850 2776 die
876 2743 947 2776 den
972 2743 1147 2776 letzteren
1175 2753 1217 2775 zu
1244 2741 1395 2776 Grunde
1427 2741 1596 2787 liegende
1629 2740 1905 2786 Textesgestalt

275 2800 378 2833 nicht
403 2803 497 2833 etwa
523 2812 589 2833 nur
614 2800 684 2833 den
709 2800 878 2844 gleichen
904 2799 1012 2843 Rang
1036 2798 1105 2832 mit
1131 2798 1196 2832 der
1220 2798 1284 2832 des
1310 2798 1552 2843 Palimpsests
1580 2797 1792 2842 behauptet,
1820 2808 1901 2831 son·

276 2856 366 2891 dern
392 2856 575 2899 vielffiltig
600 2857 680 2890 eine
706 2855 944 2890 entschicden
975 2855 1132 2895 echtere,
1158 2855 1241 2888 weil
1267 2866 1340 2889 von
1365 2854 1648 2897 recensirender,
1676 2854 1902 2888 namentlich

275 2912 534 2954 abgl'fittcmlvr
571 2913 643 2945 und
681 2912 743 2945 das
776 2911 1089 2946 Alterthiimliche
1122 2910 1415 2945 verwischender
1446 2910 1665 2954 'Phiitigkeit
1699 2910 1811 2944 freier
1843 2922 1904 2954 ge-

276 2968 443 3001 hlielnmc
470 2958 758 3011 libet-lieterung
789 2968 998 3002 darbictct:
