2020 3278
898 159 945 201 11

157 298 212 339 P:
252 296 357 338 Mihi
417 295 542 338 etiam
606 295 794 337 familiae
853 296 966 338 omni
1026 295 1079 337 sit
1131 309 1250 336 meae
1293 302 1448 350 atque
1503 293 1628 335 adeo
1680 303 1731 336 ut

914 366 1124 406 frumento
1155 362 1328 404 affluam

158 433 235 474 Al:
270 432 378 474 Mihi
421 440 460 473 et
492 432 679 473 malitiae
720 446 838 474 meae
877 432 945 487 (de
985 432 1232 488 sequentibus
1272 432 1397 472 verbis
1437 446 1510 472 non
1550 432 1730 484 constat).

101 502 233 543 altera
277 500 489 556 scriptura
530 500 698 542 videtur
737 500 868 542 fuisse
909 509 1026 556 atque
1057 502 1168 547 adeo,
1202 499 1336 540 altera
1369 501 1467 540 adeo
1497 507 1551 540 ut.
1613 501 1731 541 etiam

102 585 204 612 vero
243 569 349 611 illud
375 569 672 610 Palatinorum
705 569 916 610 sententia
949 584 1099 611 carens
1132 568 1191 609 ita
1214 567 1410 624 expedio,
1442 576 1488 610 ut
1518 570 1601 608 iam
1632 567 1732 609 olim

99 638 283 694 margini
316 637 580 692 adscriptum
612 636 751 677 alieno
784 635 875 677 loco
907 636 950 677 in
984 636 1016 677 P
1047 636 1288 691 irrepserit3
1321 636 1373 678 de
1405 652 1488 691 quo
1520 644 1732 692 corrupte-

99 706 234 748 larum
274 720 432 761 genere
474 706 526 747 cf.
562 703 607 746 C.
641 703 691 745 F.
725 703 794 745 W.
827 703 1010 745 Mueller
1040 705 1154 745 Pros.
1186 704 1322 745 Plaut.
1366 720 1406 761 p.
1429 704 1512 745 524
1543 719 1603 758 sq.
1637 704 1732 745 674.

101 776 244 816 Addit.
277 774 331 816 86
362 789 424 830 sq.
485 774 631 817 Scho'll
672 773 813 825 Praef.
864 773 975 813 Tmo.
1009 773 1117 814 XVI
1157 788 1219 827 sq.
1259 772 1552 829 reponendum
1592 780 1733 813 autem

99 851 160 884 est
195 851 292 884 ante
325 843 521 900 affluaym
551 843 696 897 itaque
727 842 804 882 has
837 855 984 883 versus
1016 842 1175 883 formas
1207 842 1358 885 habes:

155 912 217 954 Mi
240 921 279 953 et
303 911 489 953 familiae
518 911 631 953 omni
656 913 710 952 sit
733 924 851 952 meae
875 917 1005 963 atque
1028 909 1133 951 adeo
1157 910 1371 951 frumento
1387 910 1472 950 iam
1490 908 1677 956 Affluam,

105 980 172 1021 vel

159 1048 220 1089 Mi
254 1056 293 1089 et
324 1048 512 1089 familiae
545 1048 659 1089 omni
691 1050 744 1088 sit
775 1061 906 1099 meae,
940 1053 987 1087 ut
1019 1045 1125 1087 adeo
1157 1060 1191 1089 e.
1224 1061 1264 1100 q.
1295 1061 1327 1088 s.

217 1115 313 1168 Sed,
350 1124 392 1156 ut
415 1130 436 1156 e
460 1115 724 1156 deverticulo
755 1114 940 1164 redeam,
963 1114 1029 1155 his
1053 1114 1260 1169 exemplis
1282 1113 1385 1156 nihil
1410 1113 1526 1156 aliud
1551 1112 1733 1169 probare

103 1184 260 1234 studui,
300 1184 378 1224 nisi
419 1183 640 1225 Loewium
679 1183 834 1224 iniuria
874 1182 1166 1224 diversitatem
1207 1183 1445 1238 scripturae
1476 1197 1530 1224 ex
1562 1196 1731 1236 corrup-

104 1252 187 1294 tela
219 1252 435 1302 derivare3
476 1252 527 1293 de
562 1260 601 1292 uc
633 1251 712 1293 hoc
745 1251 838 1293 loco
868 1251 935 1292 vel
968 1251 1191 1292 retinendo
1224 1251 1291 1292 vel
1323 1251 1556 1293 resecando
1588 1261 1737 1307 postea

103 1320 358 1362 videbimus.
410 1321 529 1362 vides
552 1328 708 1370 autem,
740 1321 1036 1361 recensionum
1066 1319 1302 1375 scripturae
1325 1319 1521 1375 quamvis
1544 1319 1738 1360 diversae

103 1389 206 1438 sint,
252 1398 392 1430 tamen
431 1403 506 1444 per
545 1403 589 1430 se
628 1395 821 1429 neutram
865 1387 983 1429 alteri
1017 1388 1187 1438 cedere,
1231 1396 1276 1429 ut
1308 1389 1391 1429 iam
1424 1388 1601 1429 metrica
1632 1387 1738 1428 ratio

104 1458 192 1500 sola
223 1464 372 1507 restet,
411 1472 497 1512 qua
527 1457 578 1498 lis
611 1457 848 1500 dirimatur.
918 1471 967 1498 ac
997 1456 1196 1498 Loewius
1237 1456 1410 1513 quidem
1448 1471 1501 1498 ex
1533 1455 1737 1497 memoria

104 1526 399 1568 Palatium—um
430 1526 541 1567 hanc
573 1525 794 1581 stropham
826 1533 890 1566 sat
922 1525 1160 1581 elegantem
1196 1525 1455 1568 enucleavit:

445 1649 452 1656 ¹
570 1594 654 1649 Qui
686 1594 794 1635 haec
824 1593 982 1635 habent
1016 1594 1216 1635 consilia:

435 1662 519 1705 Ubi
551 1663 651 1704 data
683 1663 905 1713 occasiost,
937 1662 1041 1718 rape
1073 1662 1192 1717 clepe

569 1731 699 1780 Tene,
733 1731 940 1787 harpaga,
974 1730 1084 1780 bibe,
1117 1731 1175 1781 es,
1208 1731 1324 1786 fuge.

436 1799 533 1841 Hoc
564 1800 750 1841 eorumst
783 1814 912 1856 opus:
945 1799 1125 1841 mavelis
1139 1800 1173 1854 ¹)

573 1867 720 1923 Lupos
752 1867 867 1924 apud
900 1869 1017 1909 oveis
1048 1868 1243 1923 linquere

438 1936 580 1991 Quam
611 1936 688 1978 hos
719 1935 834 1977 domi
867 1936 1078 1979 custodes.

107 2019 217 2059 quae
264 2005 460 2059 quamvis
506 2006 612 2046 scite
657 2005 903 2061 excogitata
942 2005 1008 2055 sit,
1061 2013 1205 2047 tamen
1247 2003 1456 2045 noluerim
1509 2018 1585 2058 pro
1639 2016 1736 2043 vere

106 2072 310 2114 Plautina
348 2072 518 2116 habere.
581 2087 719 2127 neque
758 2073 868 2114 enim
904 2073 945 2113 hi
978 2073 1131 2115 breves
1171 2071 1371 2114 versiculi
1411 2070 1736 2126 concitatusque

108 2141 348 2196 rhythmus,
381 2141 536 2197 quibus
568 2142 707 2182 varios
740 2142 879 2197 potius
912 2142 1042 2182 animi
1074 2148 1235 2191 motus,
1277 2140 1586 2182 dubitationem
1619 2153 1737 2193 spem

107 2210 327 2267 gaudium,
360 2220 488 2266 poeta
520 2210 761 2266 exprimere
793 2210 916 2260 solet,
949 2210 1077 2252 totius
1110 2209 1265 2251 cantici
1298 2208 1430 2249 indoli
1464 2207 1734 2255 conveniunt,

109 2293 246 2333 neque
297 2293 466 2328 versus,
522 2279 574 2319 de
621 2277 775 2333 quibus
815 2279 1005 2332 agimus,
1052 2277 1259 2333 singulari
1308 2276 1492 2330 quodam
1542 2290 1736 2330 novoque

110 2355 376 2403 argumento,
409 2347 522 2388 unde
554 2347 760 2388 rationem
793 2347 914 2388 metri
946 2347 1096 2389 mutati
1135 2355 1324 2401 repetere
1358 2344 1514 2400 possis,
1548 2344 1737 2399 insignes

110 2425 219 2456 sunt.
282 2416 410 2456 immo
435 2424 481 2456 ut
503 2424 626 2472 poeta
658 2415 832 2456 consilio
858 2424 992 2456 totum
1014 2417 1102 2456 fere
1124 2414 1338 2455 canticum
1362 2412 1507 2454 metris
1530 2411 1736 2460 iambicis,

111 2483 352 2533 trochaicis,
384 2483 682 2538 anapaesticis,
715 2483 873 2539 quippe
907 2498 1016 2539 quae
1048 2483 1335 2525 tumultuosae
1367 2481 1530 2522 lenonis
1558 2480 1738 2522 orationi

112 2552 298 2593 maxime
321 2551 641 2593 accommodata
673 2552 770 2601 sint,
794 2551 1044 2592 intermissis
1072 2550 1230 2606 passim
1256 2549 1473 2597 clausulis,
1495 2561 1743 2603 percurrere

112 2619 325 2671 voluit,ita
342 2619 411 2660 hic
429 2634 598 2675 quoque
615 2634 747 2660 unum
766 2633 818 2660 ex
837 2618 919 2659 illis
938 2618 1058 2660 metri
1070 2617 1299 2674 generibus
1309 2626 1355 2658 ut
1372 2618 1642 2657 restituamus
1657 2630 1738 2656 non

113 2685 247 2727 solum
273 2687 511 2742 argumenti
537 2686 783 2738 similitudo,
810 2686 884 2727 sed
911 2686 1039 2727 etiam
1062 2701 1159 2727 cum
1176 2685 1452 2726 Ambrosiani
1472 2693 1560 2726 tum
1583 2684 1738 2725 Palati—

111 2768 261 2796 norum
284 2755 487 2796 memoria
517 2769 593 2795 nos
616 2761 770 2796 monet.
824 2762 951 2808 atque
968 2754 1188 2796 Palatinos
1211 2753 1245 2794 si
1268 2753 1498 2807 sequimur,
1528 2751 1742 2793 lenissima

113 2822 343 2864 mutatione
375 2824 488 2864 facta
526 2830 707 2864 metrum
739 2822 856 2863 nulla
894 2837 946 2863 ex
980 2829 1103 2877 parte
1144 2821 1545 2877 reprehendendum
1577 2819 1737 2875 prodit:

226 2889 322 2931 Hoc
354 2904 498 2931 eorum
532 2902 671 2945 opust,
703 2898 748 2932 ut
781 2890 956 2931 mavelis
987 2889 1111 2946 lupos
1144 2889 1260 2944 apud
1291 2889 1406 2930 oveis
1439 2888 1630 2944 linquere

616 2958 758 3013 Quam
792 2959 865 3000 hos
898 2958 1012 3000 domi
1045 2956 1256 2999 custodes.

228 3049 253 3090 ¹)
277 3048 400 3082 deleto
424 3055 459 3081 ut
485 3053 570 3083 ante
594 3049 746 3083 mavelis.
