2020 3278
1058 126 1141 191 114

281 282 397 309 mum
419 265 679 322 praesidium
699 264 886 317 accedat,
911 264 1189 306 Ambrosiani
1213 270 1426 305 corrector
1450 277 1649 304 scaenam
1677 277 1774 304 cum
1795 270 1908 305 ante-

281 335 447 377 cedenti
471 333 687 390 copulavit
720 348 856 387 neque
879 333 1063 375 Simonis
1095 346 1246 373 nomen
1279 346 1460 372 scaenae
1495 331 1768 372 antecedenti
1798 331 1859 374 [V
1883 332 1908 372 5

283 403 527 445 adscribere
558 402 712 443 oblitus
744 409 820 450 est,
859 402 979 443 cuius
1012 401 1159 441 titulus
1192 401 1235 441 in
1267 401 1310 441 A
1341 407 1402 441 est
1435 399 1603 448 ‚Ballio.
1629 400 1775 449 Simo‘,
1809 400 1851 441 in
1873 400 1910 442 P

283 479 331 514 ut
360 487 439 527 par
477 480 538 512 est
580 469 734 520 ,Ballio
774 469 894 511 leno‘.
957 484 1137 511 scaenae
1176 469 1491 510 distinctionem
1525 469 1682 523 optime
1722 469 1913 510 defendit

284 541 434 583 Bacch.
459 538 523 580 IV
547 539 586 588 5,
620 537 691 579 ubi
725 537 767 578 in
801 552 957 579 scaena
990 553 1140 578 novem
1166 551 1382 586 versuum,
1416 551 1544 593 quam
1577 551 1799 592 perperam
1823 536 1914 579 Rit-

289 607 474 649 schelius
514 606 644 661 priori
683 605 770 661 (IV
800 605 846 661 4)
889 605 1110 655 adnexuit,
1159 620 1307 646 servus
1348 604 1557 646 similibus
1606 604 1747 646 verbis
1785 614 1913 660 atque

284 676 364 717 hoc
395 676 486 716 loco
518 674 563 715 fit
600 674 834 715 adventum
876 674 935 716 eri
968 688 1011 714 se
1045 682 1272 730 expectare
1304 673 1431 724 dicit3
1465 675 1537 728 qui
1571 689 1667 715 cum
1692 674 1908 730 procedat,

285 759 395 786 nova
427 758 583 785 scaena
612 742 654 783 in
687 742 794 783 libro
827 742 864 783 B
896 742 1142 784 instituitur.

399 812 548 854 Bacch.
568 810 641 852 III
665 812 703 851 5.
753 810 1013 852 Pistoclerus
1036 811 1090 851 ad
1115 811 1380 852 Bacchidem
1402 811 1445 851 in
1468 810 1645 852 aedibus
1672 819 1912 853 versantem

288 896 519 923 conversus
560 887 764 934 quattuor
799 879 1064 934 septenarios
1105 880 1310 934 loquitur,
1358 879 1513 933 quibus
1552 879 1817 922 Mnesilocho
1855 896 1915 922 re-

286 949 494 1006 quirendo
538 963 711 1003 operam
752 962 796 989 se
838 948 1037 988 daturum
1076 963 1166 989 esse
1199 949 1322 989 dicit:
1372 950 1456 989 iam
1491 948 1799 1001 Mnesilochus,
1842 949 1914 1005 qui

286 1019 413 1074 paulo
445 1026 541 1059 ante
582 1017 640 1072 (v,
671 1016 773 1072 525)
805 1016 857 1057 de
889 1031 1043 1058 scaena
1082 1017 1344 1067 decesserat,
1385 1017 1677 1073 progreditur,
1710 1016 1763 1058 ob
1796 1017 1910 1074 quod

286 1102 396 1128 nova
439 1080 594 1127 scaena
634 1085 850 1126 indicatur
881 1085 922 1125 in
955 1085 1004 1135 P,
1043 1101 1126 1141 quo
1165 1086 1321 1128 indicio
1361 1095 1474 1127 caret
1508 1086 1573 1135 A;
1620 1085 1672 1126 de
1712 1100 1798 1139 qua
1832 1085 1912 1126 dis-

286 1155 506 1213 crepantia
535 1153 791 1210 Spengelius
822 1153 946 1195 dicit:
980 1154 1077 1203 ‚Die
1100 1154 1339 1196 Recension
1373 1155 1448 1196 der
1469 1155 1506 1195 Ρ
1539 1170 1626 1195 war
1659 1155 1814 1196 wieder
1846 1158 1913 1196 fiir

285 1225 366 1267 den
390 1223 693 1278 Schauspieler
724 1223 792 1263 die
823 1221 1100 1276 bequemere3
1134 1224 1193 1264 sie
1217 1230 1336 1279 sagte
1368 1223 1469 1272 ihm,
1503 1223 1601 1264 dass
1625 1223 1915 1265 Mnesilochus

286 1301 372 1336 erst
405 1293 518 1334 dann
550 1293 819 1334 aufzutreten
851 1291 980 1340 habe,
1021 1292 1232 1333 nachdem
1261 1291 1529 1333 Pistoklerus
1571 1291 1714 1332 seinen
1757 1292 1918 1334 kurzen

286 1362 490 1418 Monolog
536 1361 668 1416 vollig
709 1360 888 1402 beendet
935 1360 1064 1404 hatte.
1099 1396 1106 1404 .
1142 1396 1150 1404 .
1183 1396 1191 1403 .
1231 1359 1274 1401 A
1314 1359 1468 1416 [muss]
1515 1360 1597 1401 den
1636 1359 1802 1401 Namen
1844 1361 1918 1402 des

287 1430 578 1473 Mnesilochus
617 1429 749 1470 sehon
788 1429 832 1469 in
874 1428 950 1469 der
981 1416 1250 1470 Uberschrift
1290 1443 1341 1469 zu
1372 1427 1447 1469 III
1477 1430 1503 1469 5
1547 1427 1709 1483 gehabt
1748 1428 1918 1470 haben.‘

292 1514 543 1542 scaenarum
592 1497 907 1539 distinctionem
947 1513 1043 1539 cum
1087 1496 1350 1538 Ritschelius
1396 1496 1496 1552 (Op.
1524 1497 1624 1552 phil.
1660 1496 1707 1538 II
1739 1512 1778 1551 p.
1816 1497 1919 1553 368)

290 1567 598 1610 intolerabilem
631 1567 773 1616 ducat,
798 1582 880 1608 non
905 1565 1192 1608 consideravit
1223 1580 1396 1621 prorsus
1419 1565 1600 1606 eandem
1626 1565 1918 1607 condicionem

288 1650 379 1679 esse
411 1637 452 1678 in
493 1636 656 1678 scaenis
689 1635 710 1675 I
734 1636 772 1676 2.
797 1635 905 1676 111.
930 1636 968 1676 2.
1002 1635 1158 1676 etenim
1197 1642 1424 1689 postquam
1461 1633 1723 1675 Pistoclerus
1765 1649 1802 1675 V.
1838 1634 1919 1676 169

288 1721 444 1748 scaena
468 1705 664 1754 decessit,
697 1704 935 1759 Chrysalus
959 1704 1193 1745 adveniens
1216 1703 1259 1744 in
1281 1702 1508 1758 monologo
1530 1709 1626 1743 octo
1650 1703 1917 1744 senariorum

288 1783 334 1817 ut
378 1774 661 1816 Pistoclerum
709 1773 935 1814 conveniat
986 1780 1126 1828 optat3
1179 1772 1253 1826 qui
1299 1786 1394 1813 cum
1437 1771 1480 1812 in
1527 1785 1726 1812 scaenam
1773 1771 1919 1813 redeat

291 1858 328 1884 v.
364 1842 457 1891 178,
490 1856 601 1883 nova
631 1855 786 1882 scaena
817 1841 979 1897 incipit.

402 1910 467 1952 Eo
507 1909 667 1951 maiore
707 1910 799 1950 iure
833 1909 1149 1950 distinctionem
1188 1923 1435 1950 scaenarum
1481 1924 1607 1965 quam
1640 1908 1677 1950 P
1709 1908 1917 1964 praebent

289 1979 557 2021 servabimus
604 1979 715 2019 Pers.
755 1977 821 2020 IV
853 1977 896 2027 9,
945 1977 1015 2031 qui
1067 1978 1184 2019 locus
1236 1977 1515 2034 Spengelium
1569 1992 1742 2033 prorsus
1795 1978 1917 2034 fugit.

282 2048 462 2092 Saturio
508 2047 720 2104 parasitus
760 2062 798 2089 V.
831 2046 914 2087 730
951 2046 1030 2087 etsi
1067 2061 1266 2088 scaenam
1312 2061 1394 2087 non
1443 2046 1634 2100 reliquit,
1683 2055 1826 2087 tamen
1878 2047 1918 2087 in

291 2131 487 2159 aversam
527 2116 617 2157 eius
650 2123 833 2172 partem,
876 2115 945 2156 ubi
987 2131 1010 2155 a
1042 2115 1192 2156 lenone
1233 2130 1314 2155 non
1354 2115 1641 2170 conspicitur,
1673 2115 1847 2156 recessit
1878 2122 1919 2155 et

290 2201 330 2228 v.
355 2185 436 2227 738
468 2184 590 2239 quasi
623 2184 746 2225 modo
776 2184 1010 2225 adveniens
1032 2183 1173 2239 prodit
1197 2182 1344 2224 eodem
1368 2190 1596 2232 momento,
1629 2197 1716 2236 quo
1739 2182 1918 2225 Toxilus

290 2268 445 2296 scaena
477 2253 664 2302 decedit3
698 2252 770 2294 ubi
803 2267 898 2294 cum
923 2252 1028 2293 nihil
1060 2252 1274 2293 interstitii
1307 2251 1360 2291 sit
1382 2251 1424 2291 in
1451 2251 1504 2300 A,
1539 2265 1694 2291 novam
1719 2266 1917 2292 scaenam

291 2322 517 2364 ordiuntur
556 2322 588 2362 P
627 2321 777 2362 eodem
817 2322 927 2371 iure,
967 2336 1051 2375 quo
1084 2336 1122 2361 v.
1154 2321 1251 2369 549,
1285 2334 1380 2360 cum
1413 2320 1456 2359 in
1496 2320 1794 2375 proscaenium
1827 2333 1918 2373 pro-

291 2391 543 2447 grediantur
580 2390 819 2443 Sagaristio
851 2399 891 2431 et
923 2390 1062 2445 virgo,
1104 2390 1177 2443 qui
1209 2388 1409 2430 videlicet
1450 2402 1524 2443 per
1562 2401 1763 2428 scaenam
1795 2386 1863 2430 IV
1894 2388 1920 2428 3

292 2459 469 2515 perinde
502 2466 631 2514 atque
665 2458 837 2500 Saturio
870 2460 911 2500 in
944 2474 1097 2500 aversa
1128 2471 1306 2499 scaenae
1339 2464 1460 2511 parte
1493 2463 1717 2509 steterant3
1766 2456 1819 2496 cf.
1852 2471 1919 2497 vv.

291 2527 373 2568 467
407 2542 499 2581 sqq.
534 2541 630 2568 cum
665 2527 745 2568 728
778 2542 870 2583 sqq.

406 2595 554 2651 Longe
586 2595 758 2636 maioris
797 2597 1001 2636 momenti
1034 2602 1095 2636 est
1121 2595 1238 2635 Most.
1268 2593 1348 2635 782
1372 2609 1478 2650 sqq„
1512 2593 1553 2634 in
1587 2608 1713 2648 quem
1739 2594 1921 2648 quadrat

295 2664 410 2719 quod
443 2663 700 2718 Spengelius
733 2679 772 2718 p.
806 2665 888 2706 :289
921 2663 1176 2720 disputavit:
1218 2662 1322 2712 ,Der
1345 2662 1547 2704 &Vechsel
1581 2662 1654 2702 des
1686 2661 1920 2718 Vortrages

294 2732 382 2773 und
415 2732 489 2772 der
512 2731 847 2773 musikalischen
872 2732 1135 2788 Begleitung
1167 2732 1281 2772 kann
1306 2731 1429 2781 auch,
1462 2745 1584 2771 wenn
1609 2731 1734 2771 keine
1761 2731 1920 2771 Person

295 2800 457 2841 kommt
488 2799 591 2841 oder
611 2800 727 2855 geht,
760 2799 1143 2855 Scenentrennung
1166 2800 1454 2841 veranlassen.
1515 2798 1566 2839 In
1590 2799 1763 2840 solchen
1789 2798 1920 2839 hand-

294 2867 583 2909 schriftlichen
606 2869 1042 2924 Scenentrennungen
1067 2869 1142 2909 sah
1161 2881 1257 2909 man
1282 2868 1423 2909 bisher
1439 2866 1917 2919 Abschreiberwillkiir,

295 2936 397 2980 aber
429 2951 472 2978 es
503 2936 597 2978 sind
631 2937 699 2978 die
730 2937 997 2993 wichtigsten
1033 2937 1158 2978 Reste
1201 2937 1275 2977 der
1306 2936 1511 2988 anesten,
1551 2935 1706 2990 gewiss
1740 2934 1818 2976 auf
1844 2934 1920 2976 das
