2020 3278
862 175 916 215 73

80 326 132 354 ne
155 311 373 360 iudicium,
408 310 523 367 quod
555 310 606 351 de
632 309 910 352 Ambrosiani
941 310 1201 366 praestantia
1232 312 1318 352 fere
1340 310 1499 366 ubique
1532 313 1708 355 circum-

79 381 224 429 fertur,
268 394 348 420 non
384 379 649 420 mediocriter
681 378 946 420 immutaturi
977 378 1275 435 neglegentiae
1307 387 1349 421 et
1380 379 1563 422 levitatis
1595 382 1709 424 incu-

79 463 281 497 saremur,
335 448 375 488 in
410 447 543 488 altero
569 446 709 502 capite
747 447 893 489 licebit
925 462 1013 488 rem
1055 446 1226 489 brevius
1263 455 1464 498 tractare,
1504 449 1605 503 quia
1636 450 1708 504 qui

80 516 133 558 ad
174 515 470 557 Palatinorum
518 516 808 557 recensionem
848 515 1061 570 pertinent
1093 515 1192 565 loci,
1232 516 1356 572 longe
1396 516 1569 572 plurimi
1612 531 1708 560 cum

79 585 132 628 ab
170 584 264 626 aliis
305 592 394 626 tum
434 599 459 625 a
493 584 750 640 Niemeyero
789 583 874 624 iam
912 584 1074 625 inventi
1112 592 1153 625 ct
1192 584 1364 626 tractati
1401 592 1520 640 sunt3
1562 601 1708 641 quam-

79 668 207 710 quam
247 652 312 694 vel
347 652 430 694 hac
476 653 519 693 in
551 666 594 693 re
634 651 750 693 haud
790 652 847 693 ita
889 667 984 694 raro
1023 651 1145 694 nobis
1184 653 1384 709 contigit,
1425 660 1469 695 ut
1516 653 1709 710 inprimis

79 721 182 763 locis
210 728 308 777 apte
335 720 590 776 comparatis
612 719 862 762 recensendi
894 720 1102 762 rationem
1125 736 1235 762 nova
1267 721 1361 763 luce
1383 721 1708 765 illustraremus.

670 914 843 969 Caput
881 914 1116 958 alterum.

847 995 945 1047 §r

192 1075 261 1117 Ex
300 1075 351 1116 iis
393 1075 517 1124 locis,
565 1072 719 1128 quibus
756 1072 1042 1130 Niemeyerus
1088 1075 1145 1129 (p.
1184 1074 1390 1131 24—26)
1431 1083 1710 1117 correctorem

80 1144 304 1200 prosodiae
353 1143 580 1185 Plautinae
620 1142 863 1198 ignorantia
902 1143 957 1184 ad
996 1143 1272 1184 mutationem
1322 1144 1577 1200 perductum
1618 1159 1711 1186 esse

81 1213 219 1264 docet,
243 1212 441 1254 nonnulli
475 1219 598 1254 erunt
622 1210 880 1266 excipiendi,
914 1211 998 1265 alii,
1032 1227 1138 1267 quos
1164 1211 1234 1253 ille
1258 1212 1408 1253 afferre
1440 1220 1710 1268 nonpoterat‚

80 1281 282 1324 addendi

191 1362 339 1403 Pseud.
371 1360 454 1402 382

134 1431 197 1472 A:
231 1418 457 1472 Exossabo
479 1445 569 1484 ego
588 1418 748 1470 illum
771 1429 1026 1472 similiter
1047 1431 1193 1473 itidem
1219 1440 1264 1473 ut
1285 1431 1534 1473 muraenam
1553 1445 1710 1486 coquos

80 1499 248 1542 Nonius
280 1514 320 1554 p.
358 1499 456 1539 170:
504 1513 583 1554 ego
615 1497 734 1539 illum
767 1498 1015 1541 simulter

134 1568 190 1610 P:
225 1556 451 1609 Exossabo
473 1566 732 1608 similiter
754 1581 847 1622 ego
869 1567 1018 1609 illum
1040 1568 1186 1609 itidem
1209 1576 1256 1610 ut
1275 1569 1523 1610 muraenam
1543 1583 1712 1623 coquos·

193 1649 315 1689 Poen.
348 1646 430 1688 893
475 1647 538 1688 A:
572 1646 730 1690 Facile.
761 1648 770 1701 H
799 1648 867 1689 fao
899 1663 1001 1704 ergo
1039 1648 1083 1689 id
1115 1649 1267 1698 ‚facile‘
1309 1664 1483 1692 noscam
1523 1664 1622 1706 ego,
1665 1650 1712 1692 ut

899 1715 975 1757 ille
1007 1716 1139 1771 possit
1171 1717 1346 1758 noscere

487 1783 542 1825 P:
571 1783 730 1828 Facile.
748 1785 758 1840 ΙΙ
773 1785 843 1826 fac
860 1799 961 1841 ergo
979 1784 1023 1826 id
1041 1785 1193 1834 ,facile‘
1213 1801 1400 1836 noscam,
1418 1794 1465 1829 ut
1481 1777 1554 1828 i‘lle
1576 1787 1707 1842 possit

895 1855 1083 1896 noscere.

195 1934 317 1974 Poen.
351 1932 433 1975 988
472 1933 538 1974 A:
572 1932 658 1974 Pro
690 1932 758 1975 dei
790 1933 1065 1984 immortales,
1098 1933 1296 1989 plurimei
1332 1934 1457 1992 [iam]
1497 1935 1551 1976 ad
1581 1934 1713 1978 “illum

895 2001 1111 2059 mod[um]

486 2069 542 2112 P:
580 2069 665 2111 Pro
698 2069 766 2110 dei
798 2070 1078 2121 immortales,
1117 2071 1290 2126 plurimi
1333 2072 1457 2129 [iam]
1503 2072 1556 2113 ad
1600 2071 1713 2114 hunc

901 2138 1088 2182 modum.

80 2207 225 2263 itaque
267 2205 403 2248 tribus
436 2205 538 2247 locis
570 2205 692 2247 vides
729 2220 755 2247 a
792 2214 1031 2248 correctore
1062 2207 1358 2249 Palatinorum
1402 2207 1712 2264 correptionem

82 2275 235 2330 prioris
268 2273 460 2330 syllabae
493 2274 608 2316 vocis
642 2275 707 2315 ille
737 2275 983 2317 coniectura
1015 2276 1228 2318 sublatam
1260 2291 1364 2318 esse.

203 2356 310 2396 Trin.
341 2354 425 2396 394

138 2424 200 2465 A:
242 2423 327 2466 Sed
359 2413 440 2466 hoc
471 2437 537 2464 me
568 2422 699 2464 unum
733 2423 979 2464 consolatur
1010 2432 1138 2480 atque
1171 2424 1361 2466 animum
1394 2439 1534 2466 meum

139 2492 192 2534 P:
226 2492 311 2535 Sed
342 2492 423 2534 hoc
452 2492 584 2533 unum
617 2491 858 2533 consolatur
889 2507 954 2533 me
987 2500 1119 2547 atque
1151 2492 1341 2534 animum
1373 2507 1525 2535 meum.

83 2561 133 2603 cf.
166 2562 277 2602 Pers.
310 2560 364 2602 32
395 2560 494 2611 ‚Sed
527 2549 608 2603 hEc
638 2575 706 2601 me
737 2560 869 2603 unum
902 2561 1149 2605 excruciat.‘

202 2640 316 2681 Truc.
349 2639 432 2681 273
477 2640 540 2681 A:
576 2639 690 2695 Quid
721 2628 803 2683 hBe
835 2641 950 2698 quod
980 2649 1020 2682 te
1051 2655 1156 2697 rogo

480 2707 537 2749 P:
572 2708 686 2763 Quid
720 2709 835 2764 quod
867 2716 907 2750 te
939 2724 1054 2765 rogo.

83 2774 231 2817 eadem
253 2777 416 2819 ratione
439 2776 682 2818 memineris
706 2777 833 2819 velim
857 2778 899 2818 in
922 2777 966 2818 A
988 2778 1058 2818 hoc
1086 2785 1296 2819 remotum
1319 2791 1409 2818 esse
1436 2777 1582 2817 Pseud.
1609 2774 1712 2828 3153

85 2844 137 2885 cf.
170 2859 268 2900 pag.
300 2844 365 2887 33.

198 2911 319 2966 Quae
359 2913 558 2968 exempla
589 2912 872 2969 Niemeyerus
912 2923 1134 2969 praeterea
1173 2913 1336 2963 attulit,
1376 2913 1419 2954 in
1451 2913 1502 2954 iis
1551 2922 1623 2953 aut
1654 2912 1711 2953 in-

87 2988 250 3022 certum
282 2988 358 3030 est,
390 2996 491 3022 num
523 2981 813 3023 Ambrosiano
844 2981 1168 3038 obsequendum
1199 2980 1271 3032 sit,
1312 2988 1386 3024 aut
1425 2980 1509 3022 alia
1541 2994 1710 3036 corrup-
