2020 3278
852 167 905 209 65

63 307 268 364 probare,
314 321 411 348 cum
451 306 575 347 unico
617 306 742 348 huius
783 306 1065 361 correptionis
1105 303 1301 359 exemplo
1344 302 1478 344 altera
1509 301 1698 344 recensio

65 377 214 419 obstet.
292 375 449 416 dixerit
494 375 706 431 quispiam
746 375 787 415 in
838 376 874 415 A
923 372 1184 430 deprehendi
1225 371 1579 427 grammaticum,
1627 372 1697 427 qui

67 453 246 486 metrum
301 444 473 484 minime
521 457 674 484 curans
721 443 851 484 futuri
896 444 1077 483 formam
1132 440 1366 481 secundum
1407 454 1576 480 versum
1619 439 1699 480 377

66 511 297 562 ‚accubabo
328 512 458 567 regie‘
491 511 730 565 reduxerit3
774 512 847 552 sed
881 512 922 552 ni
955 510 1097 551 omnia
1128 509 1302 557 fallunt,
1350 508 1392 548 in
1426 507 1699 548 Ambrosiani

65 582 277 636 scriptura
322 581 425 621 latet
480 581 638 636 duplex
686 580 898 635 scriptura
947 579 1132 620 incubant
1174 586 1213 617 et
1253 577 1460 624 incubant,
1519 590 1701 630 quarum

66 649 198 690 altera
230 650 379 690 vitium
412 649 523 697 eius,
572 649 643 702 qui
683 648 966 704 archetypum
1008 646 1227 695 exaravit,
1274 645 1408 686 altera
1450 645 1701 686 correctoris

67 718 307 759 emendatio
362 717 529 758 videtur
577 732 681 758 esse.
752 717 853 757 talia
904 724 1044 758 autem
1086 716 1300 758 coniciens
1356 729 1408 755 ne
1456 713 1703 755 temeritatis

66 787 250 836 incuser,
281 786 357 828 hos
390 786 503 827 locos
543 786 669 826 velim
705 785 930 840 inspicias:
964 786 1090 841 Epid.
1115 785 1198 825 614
1239 784 1300 824 A:
1336 784 1436 839 quid
1467 784 1586 837 cyitis
1617 797 1704 823 mea

68 853 357 896 commoditas?
402 855 427 895 i.
467 869 501 895 e.
533 855 632 909 quid
679 855 765 909 assis
811 860 851 894 et
890 855 991 908 qnid
1037 855 1132 908 ayit.
1202 852 1308 892 Trin.
1341 851 1397 892 50
1438 851 1505 891 A:
1551 852 1705 891 valesne

68 914 308 973 tualuistine,
340 922 401 964 B:
446 923 575 963 valent
614 923 801 969 uoluisti,
850 921 930 963 CD
961 922 1073 962 valen
1105 921 1280 964 uoluisti.
1361 919 1415 961 ad
1448 919 1704 976 scripturam

70 1008 168 1035 vere
190 992 434 1033 Plautinam
461 991 657 1032 ducimur
677 990 821 1032 codice
840 990 892 1040 B,
925 1005 976 1031 ex
996 1005 1080 1044 quo
1106 989 1303 1031 Loewius
1329 995 1443 1029 recte
1466 988 1706 1029 enucleavit

69 1062 182 1103 valen
203 1060 270 1101 tu?
301 1058 515 1101 valuistin?
547 1060 621 1114 (cf.
646 1060 768 1100 Anal.
793 1060 929 1099 Plani.
954 1074 993 1114 p.
1024 1058 1134 1113 141).
1186 1058 1226 1098 in
1251 1057 1306 1106 A,
1330 1057 1374 1097 in
1397 1072 1480 1113 quo
1513 1064 1526 1096 t
1549 1064 1707 1111 puncto

69 1145 199 1187 supra
230 1129 389 1184 scripto
421 1128 561 1169 deleta
594 1136 675 1180 est,
710 1127 871 1183 duplex
904 1127 1116 1182 scriptura
1148 1126 1264 1174 latet,
1309 1124 1497 1181 genuina
1527 1126 1640 1165 valen
1665 1133 1707 1166 tu

69 1200 257 1240 valuistin
287 1204 328 1238 et
358 1196 524 1237 novicia
556 1197 708 1237 vale-sne
748 1197 966 1236 valuistine.
1030 1196 1155 1251 Epicl.
1188 1193 1270 1235 513
1318 1194 1426 1234 malo
1450 1202 1492 1234 ut
1525 1196 1701 1234 cruciatu

71 1274 114 1307 ut
131 1281 274 1322 pereas
294 1265 351 1315 A,
376 1264 418 1306 id
443 1272 504 1306 est
526 1265 632 1305 malo
654 1272 695 1304 ut
721 1266 899 1304 cruciatu
918 1279 1070 1320 peremi,
1095 1272 1135 1304 et
1158 1264 1265 1303 malo
1289 1264 1466 1303 cruciatu
1486 1270 1529 1302 ut
1544 1277 1707 1318 peream

73 1335 128 1375 cf.
163 1334 291 1375 etiam
325 1348 455 1388 supra
486 1333 633 1373 Pseud.
664 1332 748 1373 433
781 1340 821 1373 et
850 1333 948 1374 451.

189 1402 312 1444 Stich.
344 1401 427 1442 372
458 1401 517 1442 P:
550 1401 679 1451 Hem,
712 1401 846 1455 quid?
876 1401 1168 1458 Epignomum
1202 1399 1439 1442 elocutu’s‘?

462 1471 525 1511 A:
551 1470 674 1522 Hem,
710 1470 842 1524 quid?
874 1470 1171 1526 Epignomum
1203 1483 1247 1509 es
1278 1468 1477 1510 locutus?

76 1539 349 1582 Ambrosiani
383 1548 595 1580 corrector
635 1539 679 1579 in
712 1539 895 1579 elocutu’s
927 1538 1104 1580 verbum
1140 1537 1454 1579 substantivum
1499 1536 1582 1577 iam
1616 1551 1710 1578 con-

75 1609 198 1651 tineri
231 1624 315 1650 non
350 1609 485 1664 magis
518 1607 740 1657 intellexit,
773 1622 901 1661 quam
919 1606 1215 1648 Palatinorum
1249 1614 1463 1648 corrector
1487 1606 1603 1646 Most.
1627 1605 1706 1646 671

76 1678 192 1733 (vide
238 1678 380 1733 infra).
458 1691 533 1717 cur
580 1691 679 1717 vero
725 1690 820 1717 cum
869 1676 901 1717 P
950 1677 1120 1716 elocuti&
1163 1675 1394 1731 legendum
1439 1673 1511 1724 sit,
1568 1674 1712 1715 docuit

77 1746 310 1803 Langenus
343 1747 490 1802 (Beitr.
523 1760 563 1800 p.
600 1745 712 1801 184).

192 1816 303 1856 Pers.
343 1814 420 1857 401
470 1814 678 1869 praebent
717 1813 772 1855 P:
827 1814 929 1869 ,Qui
976 1814 1079 1855 mihi
1126 1815 1288 1856 iuratus
1335 1821 1398 1855 est
1449 1827 1540 1854 sese
1584 1812 1710 1853 hodie

79 1890 305 1939 argentum
339 1883 469 1932 dare‘,
514 1882 588 1923 ubi
629 1882 827 1932 ,iuratust
859 1886 966 1924 sese‘
1003 1883 1275 1925 scribendum
1316 1890 1391 1923 est.
1433 1880 1710 1922 Ambrosiani

81 1952 309 1993 correctori
342 1950 505 2007 placuit
538 1953 716 2001 ,iuratus
748 1959 811 1992 est
842 1959 912 1994 se‘.

193 2021 314 2061 Poen.
345 2019 428 2061 638

193 2089 249 2130 P:
283 2089 397 2144 Quia
443 2103 518 2130 nos
563 2088 735 2129 honoris
776 2089 836 2129 tui
884 2103 1014 2130 causa
1053 2089 1137 2130 huc
1179 2088 1232 2129 ad
1267 2096 1307 2129 te
1348 2088 1542 2129 venimus

81 2173 191 2213 quae
226 2159 436 2214 scriptura
467 2164 613 2213 aperte
644 2157 754 2198 redit
784 2157 837 2198 ad

282 2226 396 2281 Quia
427 2226 503 2267 nos
537 2226 597 2267 tui
628 2226 800 2266 honoris
834 2225 962 2266 causa
994 2224 1078 2265 huc
1110 2225 1164 2266 ad
1195 2233 1235 2265 te
1269 2224 1486 2274 venimus3

87 2296 206 2337 metri
240 2305 381 2336 autem
412 2295 551 2351 gratia
583 2295 656 2334 huc
688 2295 731 2334 in
762 2295 800 2334 A
833 2294 1019 2335 deletum
1053 2304 1127 2343 est,
1161 2294 1281 2334 cuius
1314 2308 1485 2335 versum
1509 2292 1712 2334 Goetzius

82 2364 366 2418 Loewiusque
409 2378 490 2404 non
524 2372 637 2404 recte
664 2370 937 2419 receperunt3
971 2377 1069 2402 nam
1101 2362 1175 2402 huo
1206 2363 1261 2401 acl
1292 2369 1327 2401 te
1348 2361 1503 2402 Plauto
1527 2361 1712 2402 usitatis-

84 2433 238 2473 simum
271 2439 353 2482 est3
387 2434 439 2473 cf.
473 2447 512 2472 v,
543 2447 607 2488 gr.
638 2432 743 2472 Trin.
777 2431 829 2472 67
863 2446 975 2480 ,nam
1007 2445 1087 2485 ego
1119 2429 1264 2471 dedita
1304 2445 1433 2485 opera
1467 2429 1550 2471 huc
1583 2429 1637 2470 ad
1670 2436 1710 2470 te

85 2501 246 2550 venio‘3
284 2515 409 2556 porro
456 2501 562 2541 Trin.
595 2501 661 2543 97.
696 2500 818 2540 1151.
859 2500 969 2542 Τνῖιι),
996 2498 1089 2541 148.
1112 2498 1218 2548 3973
1261 2499 1320 2539 sic
1353 2498 1479 2540 etiam
1512 2499 1573 2538 liic
1602 2499 1714 2553 apud

83 2585 159 2617 vos,
193 2570 255 2610 liic
280 2584 406 2625 prope
426 2584 499 2616 me,
533 2569 593 2609 Izi(-
624 2576 713 2609 ante
745 2569 860 2609 aedes
891 2567 984 2608 sim.
1017 2567 1265 2623 saepissime
1298 2567 1465 2608 dicitur.

198 2637 292 2679 Hos
315 2637 427 2679 locos
453 2637 591 2678 visum
623 2644 686 2677 est
718 2637 760 2677 in
793 2637 872 2677 hac
894 2635 1169 2691 paragrapho
1201 2635 1418 2691 colligere,
1451 2648 1713 2690 quamquam

87 2706 209 2763 copia
263 2706 474 2755 locorum,
529 2704 682 2758 quibus
728 2704 1042 2746 Ambrosianus
1093 2711 1345 2745 retractatus
1394 2717 1486 2744 esse
1531 2702 1713 2754 videtur,

85 2773 271 2815 nondum
299 2773 508 2815 exhausta
531 2784 605 2813 est.
668 2772 742 2813 sed
773 2772 872 2826 quia
905 2773 947 2813 in
983 2787 1030 2814 eo
1053 2772 1320 2827 potissimum
1354 2772 1540 2812 studium
1574 2785 1713 2811 meum

86 2841 222 2898 posui,
254 2848 300 2882 ut
330 2841 487 2895 ubique
520 2849 705 2881 mentem
738 2840 990 2882 correctoris
1026 2848 1065 2881 et
1096 2842 1303 2881 rationem
1336 2839 1591 2881 emendandi
1624 2853 1714 2894 per-

87 2910 293 2965 spicerem
327 2917 367 2950 et
398 2909 675 2961 ostenderem,
711 2909 852 2965 plures
884 2909 998 2949 locos
1031 2909 1222 2949 consulto
1255 2907 1428 2955 seclusi,
1476 2906 1528 2946 de
1560 2905 1713 2961 quibus

88 2992 138 3020 ea
172 2978 222 3020 de
256 2992 385 3020 causa
416 2977 519 3018 mihi
552 2992 634 3017 non
668 2977 769 3018 satis
801 2977 1042 3026 constabat,
1081 2977 1195 3033 quod
1232 2977 1338 3017 ratio
1371 2974 1624 3016 emendandi
1657 2973 1715 3013 di-

1447 3055 1468 3087 ἶ)
