2020 3278
882 155 937 196 423

98 309 290 344 monere,
342 309 510 336 versum
551 293 850 342 Ambrosiam,
898 292 969 347 qui
1018 298 1190 347 propter
1227 298 1356 331 metuo
1394 306 1439 330 ue
1478 304 1532 330 ex
1575 304 1611 328 v.
1645 289 1726 329 275

100 364 208 405 male
241 363 466 418 repetitum
499 362 737 403 reiciendus
771 368 852 411 est,
890 361 1064 402 fluxisse
1097 374 1149 400 cx
1183 374 1251 409 co,
1284 373 1411 413 quem
1443 357 1479 398 P
1509 357 1725 413 praebent.

100 433 173 487 qui
206 431 370 474 etiamsi
415 440 455 472 et
496 432 585 486 ipse
627 438 670 472 ut
701 430 982 486 interpolatus
1024 427 1290 470 damnandus
1323 437 1406 477 est,
1449 435 1589 467 tamen
1623 425 1727 465 nihil

98 508 182 551 est,
222 514 296 542 cur
338 514 434 541 eum
476 500 519 540 in
559 499 793 554 archetypo
834 499 1054 553 utriusque
1088 495 1342 537 recensionis
1376 509 1547 551 prorsus
1580 493 1728 534 codem

99 569 229 611 modo
261 578 486 610 exaratum
519 568 648 610 fuisse
682 582 908 622 ncgcmus3
969 567 1020 608 cf.
1053 565 1336 619 Nicmcyerus
1367 579 1405 619 p.
1437 562 1506 603 43.

212 650 359 690 Pseud.
393 648 472 689 397

155 729 218 770 A:
254 727 366 782 Quoi
397 742 533 781 neque
568 727 714 782 parati
747 735 825 768 cst
857 727 1134 783 quicquam
1167 724 1269 765 certi
1303 723 1451 765 consili

155 796 212 838 P:
248 795 333 850 Qui
366 810 501 849 neque
535 804 697 850 parata
728 803 880 851 gutta
912 795 1013 836 certi
1047 793 1195 835 consili

101 877 388 931 Niemeyerus
430 892 468 932 p.
502 876 556 916 48
595 876 737 931 glossa
774 875 939 916 Placidi
988 875 1134 920 Ιιίῖιιηι,
1168 874 1381 928 quiequam
1419 871 1611 913 adbibita
1654 873 1731 910 hoc

101 947 194 987 loco
226 947 439 1001 quicquam
474 944 602 985 verbo
633 952 747 999 {sucta
779 943 1115 999 superscriptum
1138 941 1268 982 fuisse
1291 951 1446 982 censet.
1499 940 1731 996 quodcum

99 1029 174 1070 per
207 1029 250 1055 se
284 1028 364 1054 non
399 1012 606 1053 absonum
640 1013 712 1061 sit,
755 1012 859 1053 illud
893 1020 1035 1053 tamen
1074 1010 1359 1065 reputandum
1394 1018 1476 1059 est,
1519 1010 1732 1064 ‹luicqnwn

100 1083 246 1130 consili,
286 1083 444 1137 aliquid
474 1082 620 1128 consili,
663 1082 754 1124 sim.
792 1081 940 1121 Plauto
981 1091 1043 1120 sat
1087 1080 1241 1120 usitata
1274 1093 1388 1128 cssc3
1433 1080 1485 1119 cf.
1519 1080 1732 1133 quicquam

101 1152 236 1192 consili
257 1151 406 1191 Bacch.
429 1150 549 1199 1036,
597 1151 754 1205 aliquid
776 1151 913 1190 consili
932 1150 1059 1205 Epid.
1078 1148 1174 1197 256,
1215 1149 1314 1204 qaid
1336 1148 1474 1188 consili
1497 1147 1618 1187 Mero.
1637 1147 1732 1188 346.

103 1220 224 1261 Stich.
247 1218 330 1260 632
362 1219 424 1273 (in
457 1218 527 1268 P),
560 1218 612 1262 al,
675 1218 767 1274 pari
799 1218 929 1273 igitur
961 1219 1050 1258 iure
1085 1233 1107 1258 a
1141 1224 1377 1258 correctore
1409 1215 1622 1257 obsoletae
1654 1214 1734 1256 elo-

102 1288 263 1330 cutioni
293 1294 407 1342 yutta
449 1287 586 1327 consili
622 1285 866 1341 putabimus
900 1287 1120 1342 vulgarem
1153 1300 1235 1327 non
1269 1286 1624 1341 superscriptam,
1658 1282 1732 1324 sed

103 1356 375 1399 substitutam
395 1370 500 1396 esse.
535 1355 646 1395 idem
666 1355 791 1396 etiam
810 1355 1074 1410 probabilius
1093 1355 1315 1396 statuerim
1333 1356 1425 1396 loco
1448 1355 1519 1411 qui
1544 1353 1735 1407 sequitur

215 1437 338 1478 ⁴Mero.
371 1435 455 1477 314
517 1437 576 1476 A:
608 1435 735 1491 plane
767 1435 1009 1490 decrepitus
1041 1450 1171 1476 senex

519 1503 576 1544 P:
609 1503 776 1545 vetulus
810 1503 1050 1560 decrepitus
1084 1519 1226 1547 senex.

103 1583 387 1627 Ritschelium
428 1582 742 1640 Goetziumque
788 1584 1083 1626 Palatinorum
1124 1584 1329 1625 memoria
1370 1588 1511 1638 spreta
1551 1580 1734 1622 Ambro-

103 1656 270 1696 sianum
302 1654 421 1708 sequi
454 1668 589 1708 paene
624 1653 752 1709 piget.
815 1661 993 1706 uterque
1026 1653 1138 1694 enim
1171 1668 1246 1694 nos
1278 1659 1452 1693 revocat
1484 1650 1537 1691 ad
1571 1665 1606 1692 v.
1639 1649 1735 1698 291,

103 1723 175 1766 ubi
207 1730 312 1764 vetus
343 1723 563 1778 decrepitus
587 1729 724 1771 extat,
767 1721 890 1778 quasi
933 1721 1021 1762 veri
1055 1722 1191 1762 simile
1223 1728 1354 1775 esset,
1398 1736 1451 1762 ex
1481 1719 1598 1761 vocis
1630 1726 1736 1760 vetus

104 1791 397 1833 recordatione
441 1790 786 1845 interpolatorem
832 1791 981 1831 vetulus
1027 1790 1127 1831 huic
1174 1789 1315 1831 versui
1362 1788 1588 1840 adiecisse,
1639 1801 1734 1828 cum

105 1860 361 1902 contrarium
404 1867 568 1900 tantum
613 1859 756 1916 aliquo
804 1859 930 1899 modo
969 1858 1171 1900 credibile
1203 1859 1269 1899 sit.
1340 1858 1374 1898 si
1408 1871 1508 1898 vero
1540 1855 1734 1897 codicum

104 1929 306 1971 lectiones
341 1944 416 1985 per
448 1943 491 1970 se
517 1943 828 1985 comparamus,
861 1929 949 1970 fere
974 1928 1125 1969 rationi
1149 1935 1374 1983 repugnat,
1410 1926 1541 1968 verbo
1566 1924 1734 1981 vulgari

98 1999 222 2054 plane
266 1997 483 2039 subditum
532 2012 624 2039 esse
662 1998 822 2038 vetulus.
897 2012 971 2039 nos
1009 1996 1382 2051 languidissimum
1416 1996 1540 2051 plane
1579 1994 1736 2035 reicere

105 2082 187 2109 non
220 2067 479 2116 dubitamus,
510 2065 771 2120 Niemeyero
804 2067 863 2122 (p.
885 2065 959 2118 53)
993 2065 1293 2114 adsentientes,
1325 2065 1398 2119 qui
1429 2065 1577 2106 vetulus
1610 2064 1736 2104 (lecre-

99 2137 210 2191 pitus
241 2142 327 2177 tam
358 2134 607 2176 Plautinum
640 2149 730 2176 esse
763 2135 886 2185 dicit,
927 2143 971 2175 ut
1011 2134 1062 2175 de
1101 2134 1264 2175 librarii
1304 2149 1445 2175 errore
1488 2132 1557 2174 vel
1588 2131 1736 2174 fraude

107 2218 234 2260 aegre
281 2203 437 2259 cogitet
481 2203 552 2259 (cf.
594 2203 720 2259 Epid.
753 2203 867 2259 666).
944 2203 1059 2257 quod
1106 2219 1206 2244 vero
1252 2203 1364 2244 idem
1404 2204 1527 2259 plane
1573 2212 1737 2258 partem

107 2273 275 2328 glossae
313 2271 535 2313 cuiusdam
574 2272 704 2313 fuisse
742 2287 793 2313 ex
835 2272 963 2314 Verri
1007 2271 1152 2312 Flacci
1198 2279 1238 2313 et
1282 2271 1446 2313 Placidi
1491 2270 1616 2319 locis,
1664 2268 1736 2324 qui

107 2355 254 2383 vocem
301 2342 519 2396 decrepitus
570 2340 921 2397 interpretantur,
971 2341 1154 2396 colligit,
1210 2341 1329 2382 nobis
1385 2355 1467 2382 non
1520 2338 1737 2395 probatur.

107 2409 271 2451 tollitur
309 2409 422 2450 enim
466 2408 591 2450 huius
634 2409 903 2450 coniecturae
943 2409 1046 2450 fides
1089 2425 1157 2461 eo,
1198 2410 1312 2464 quod
1350 2409 1519 2450 illorum
1552 2406 1681 2449 verba
1713 2420 1738 2446 a

109 2478 183 2520 tali
219 2477 582 2532 interpretatione,
615 2477 785 2531 qualem
825 2478 1011 2534 exempli
1042 2478 1181 2534 gratia
1218 2478 1503 2533 Niemeyerus
1543 2474 1741 2531 proponit

110 2548 247 2603 (plane
284 2555 451 2588 vetustus
498 2546 564 2587 vel
604 2546 740 2587 simile
780 2546 924 2603 quid),
972 2546 1096 2586 nimis
1136 2546 1379 2596 discedunt3
1430 2545 1585 2586 deinde
1625 2542 1739 2600 quod

111 2624 276 2672 partem
307 2624 471 2658 tantum
510 2616 677 2672 glossae
719 2616 760 2656 in
794 2630 963 2656 versum
997 2615 1204 2656 invasisse
1238 2623 1278 2656 et
1310 2615 1488 2657 verbum
1521 2611 1738 2668 amplioris

111 2685 237 2742 spatii
277 2685 492 2740 expulisse
535 2683 659 2725 debet
695 2685 911 2733 conicere,
963 2699 1045 2724 non
1085 2684 1328 2739 appositum
1367 2690 1429 2724 est
1474 2682 1529 2723 ad
1569 2694 1740 2738 persua-

112 2753 312 2794 dendum.
363 2753 488 2809 longe
520 2752 754 2809 simplicius
788 2767 854 2793 res
877 2753 935 2793 sic
961 2751 1214 2808 explicatur,
1250 2760 1293 2793 ut
1319 2759 1599 2793 correctorem
1621 2747 1739 2789 verbi

110 2823 258 2864 vetulus
288 2830 530 2878 pertaesum
563 2821 627 2870 sit,
661 2821 779 2862 cuius
810 2821 903 2862 loco
932 2822 1052 2876 plane
1083 2821 1313 2862 substituit.

231 2904 337 2944 Trin.
370 2902 452 2943 743
511 2900 566 2944 P:
599 2899 806 2942 Colume'n
838 2907 878 2941 te
909 2901 1056 2942 sistere

498 2969 561 3010 A:
593 2969 859 3011 Incolumem
893 2970 1040 3011 sistere
