2020 3278
998 139 1103 205 4¹4

266 288 307 322 ut
343 279 512 334 singula
546 277 687 318 omissi
721 276 839 317 verbi
872 291 1031 331 genera
1057 276 1351 331 distingueret.
1413 291 1539 329 quam
1574 276 1686 316 enim
1719 288 1891 316 excusa-

265 350 420 391 tionem
456 347 584 389 verbo
615 345 882 387 substantivo
914 346 1069 387 omisso
1101 352 1293 400 paratam
1326 343 1520 385 videmus
1552 344 1592 384 in
1624 342 1889 398 interrogati-

265 416 437 466 onibus,
483 412 888 467 exclamationibus,
942 414 1197 469 proverbiis,
1249 413 1451 455 brevibus
1494 412 1750 469 quibusdam
1805 426 1894 451 scn-

265 485 425 534 tentiis,
468 483 648 524 eandem
692 483 863 523 minime
904 483 955 523 ad
994 483 1203 538 quaslibet
1244 481 1474 522 sententias
1514 482 1727 536 pertinere
1769 479 1893 534 periti

266 553 417 594 sciunt..
470 551 611 593 onmia
643 558 784 591 autem
818 552 1013 608 exempla
1046 551 1099 592 ab
1122 549 1325 605 Ussingio
1357 549 1485 590 allata
1507 563 1603 590 cum
1627 548 1728 590 huic
1751 547 1894 589 libello

267 637 349 663 non
381 620 606 662 conveniat
639 634 870 670 recensere,
903 635 952 660 ca
975 635 1084 675 quae
1117 619 1258 661 omissi
1294 617 1411 659 verbi
1443 617 1698 659 substantivi
1730 616 1893 673 primae

265 704 472 747 personae
513 689 753 730 testimonia
791 688 985 744 protulit,
1032 689 1073 729 in
1121 703 1299 729 examen
1342 701 1554 727 vocemus.
1627 699 1676 726 ac
1709 685 1894 740 primum

266 759 437 813 quidem
486 757 740 798 exclamatio
785 756 1009 797 statuenda
1043 765 1102 798 est
1138 757 1283 812 Amph.
1324 755 1451 811 56¹);
1497 756 1620 796 Mer-e.
1653 754 1756 804 9193
1805 754 1895 795 Mil.

265 828 364 882 ylor.
397 826 501 876 3703
550 826 655 866 ,Ἱὸ-ἱη.
688 825 771 867 826
810 826 868 882 [‚a
905 826 1186 866 commotione
1224 825 1353 866 animi
1395 824 1714 866 excusationem
1752 824 1896 865 habet‘

266 895 528 937 Ritschelius
570 895 680 936 Prol.
712 894 846 936 CXII
879 894 1037 950 (364)].
1111 895 1223 935 Asin.
1257 894 1336 935 271
1371 901 1411 935 et
1453 893 1565 936 Cure.
1598 893 1680 934 354
1721 891 1896 934 verbum

266 964 309 1004 in
346 963 565 1005 sententiis
603 963 867 1004 secundariis
904 963 1122 1004 omittitur.
1178 963 1327 1004 eadem
1365 963 1415 1003 de
1454 977 1585 1004 causa
1614 963 1721 1002 illan.
1751 976 1789 1001 v.
1821 961 1898 1002 119

267 1047 363 1073 cum
402 1031 494 1072 loco
535 1031 586 1072 de
627 1046 710 1086 quo
749 1031 917 1086 agimus
963 1039 1139 1072 externa
1183 1040 1348 1073 tantum
1389 1030 1621 1073 similitudo
1660 1029 1897 1072 intercedit.

268 1102 381 1141 Asin.
421 1100 504 1141 856
551 1100 585 1140 si
625 1100 804 1141 Plautus
846 1115 889 1141 re
928 1115 1029 1141 vera
1069 1100 1243 1141 verbum
1285 1101 1446 1150 omisit,
1493 1099 1545 1141 ab
1587 1098 1897 1140 exclamatione

268 1168 587 1210 excusationem
626 1168 776 1218 habet3
819 1168 893 1209 sed
925 1172 1102 1210 sortasse
1135 1168 1338 1211 Goetzius
1369 1168 1653 1223 Loewiusque
1685 1167 1776 1208 iure
1809 1181 1897 1207 ver-

269 1237 366 1278 bum
414 1237 660 1278 coniectura
707 1237 1001 1287 restituerunt3
1048 1252 1132 1291 quo
1178 1237 1314 1293 magis
1361 1238 1603 1279 mirandum
1651 1243 1736 1287 est,
1783 1235 1896 1292 quod

269 1306 418 1361 Amph.
451 1306 547 1356 964,
580 1306 652 1347 ubi
687 1306 781 1347 talis
813 1305 1035 1347 excusatio
1067 1321 1151 1347 non
1186 1306 1310 1357 valet,
1342 1307 1471 1348 iidem
1503 1305 1753 1347 ediderunt:

340 1362 407 1415 Ᾰιι
439 1375 482 1415 id
516 1376 607 1416 ioco
640 1374 813 1418 dixisti?
878 1374 1075 1428 equidem
1109 1375 1289 1432 [hercle]
1323 1375 1431 1416 serio
1462 1389 1512 1416 ac
1544 1374 1645 1416 vero
1676 1374 1807 1423 ratus,

269 1459 530 1500 quamquam
575 1443 763 1485 faciliore
810 1444 1052 1484 coniectura
1091 1442 1277 1485 scribere
1314 1443 1471 1486 licebat
1508 1443 1719 1499 ‚equidem
1764 1441 1898 1499 [sum]

268 1512 376 1553 serio
408 1527 458 1553 ac
490 1526 590 1553 vero
613 1515 760 1553 ratusf
811 1527 941 1553 unum
965 1526 1064 1553 vero
1091 1512 1347 1568 exemplum,
1379 1512 1492 1567 quod
1515 1511 1692 1553 consilio
1713 1511 1898 1552 fortasse

272 1580 498 1635 Ussingius
532 1580 684 1630 omisit,
715 1579 1001 1635 Niemeyerus
1031 1580 1292 1622 confidenter
1322 1580 1530 1631 adhibuit,
1569 1581 1675 1621 Tria.
1699 1579 1795 1630 209,
1827 1579 1899 1634 qui

270 1664 417 1691 versus
450 1665 550 1691 num
587 1650 816 1691 Plautinus
854 1650 905 1690 sit
939 1664 1021 1691 non
1062 1665 1086 1690 a
1125 1649 1362 1692 Ritschelio
1399 1657 1563 1691 tantum
1608 1648 1898 1690 addubitatur.

270 1726 315 1759 ut
346 1718 531 1760 breviter
563 1718 716 1768 dicam,
749 1718 903 1774 quibus
933 1717 1037 1759 locis
1070 1718 1248 1760 verbum
1280 1719 1595 1762 substantivum
1621 1719 1785 1774 primae
1807 1732 1898 1775 per-

273 1802 401 1828 sonae
432 1787 475 1828 in
508 1786 728 1828 codicibus
761 1787 962 1828 omissum
986 1796 1060 1835 est,
1094 1787 1120 1827 ii
1143 1793 1215 1828 aut
1237 1788 1496 1843 peculiarem
1520 1797 1717 1829 naturam
1739 1785 1900 1828 habent

270 1863 308 1896 et
341 1857 676 1905 excusationem,
709 1863 782 1896 aut
814 1855 974 1896 incerta
1007 1863 1118 1903 sunt,
1151 1864 1195 1896 ut
1227 1871 1303 1911 pro
1335 1856 1585 1897 testimoniis
1614 1870 1705 1896 esse
1728 1855 1900 1897 omnino

273 1933 510 1978 nequeant3
543 1924 785 1980 exemplum
814 1938 914 1964 vero
937 1923 990 1965 ab
1009 1925 1121 1965 omni
1145 1932 1265 1979 parte
1288 1925 1380 1965 loco
1404 1940 1528 1982 quem
1552 1939 1682 1980 supra
1705 1923 1901 1965 enarravi

272 1992 407 2033 simile
449 1992 611 2032 nullum
653 1993 871 2033 inventum
911 2002 986 2033 est.
1039 1992 1106 2033 cui
1146 1992 1297 2033 rationi
1339 1993 1372 2034 si
1405 1993 1582 2043 accedit,
1615 1992 1728 2047 quod
1768 1991 1902 2033 altera

273 2061 464 2102 recensio
514 2061 691 2103 verbum
740 2061 948 2107 servavit,
1005 2061 1312 2116 Niemeyerum
1368 2062 1582 2103 incautius
1628 2060 1901 2102 Ambrosiani

273 2129 513 2171 auctoritati
553 2144 596 2170 se
647 2129 866 2170 addixisse
908 2130 1223 2185 cognoscimm,
1270 2130 1428 2186 quippe
1461 2131 1502 2170 in
1546 2144 1628 2186 quo
1668 2129 1794 2171 etiam
1833 2143 1903 2184 eqo

274 2206 442 2254 praeter
487 2197 693 2239 rationem
740 2198 943 2239 omissum
991 2199 1058 2239 sit.
1124 2213 1199 2240 nos
1233 2213 1402 2240 versum
1434 2206 1480 2240 ut
1520 2198 1657 2239 estin
1693 2196 1901 2238 Palatinis

272 2265 371 2320 (nisi
409 2265 524 2319 quod
562 2282 647 2306 sum
689 2267 1053 2321 transponendum
1087 2267 1169 2321 est)
1199 2281 1277 2322 pro
1315 2280 1414 2308 vere
1446 2266 1639 2307 Plautino
1680 2264 1901 2315 habemus,

272 2335 315 2375 in
347 2335 390 2375 A
422 2335 712 2376 recensionem
745 2335 984 2377 statuimus

386 2404 510 2444 Mero.
543 2402 778 2444 274-276

414 2471 510 2512 Nec
541 2486 664 2512 omen
696 2470 796 2514 illuc
829 2471 931 2512 mihi
963 2485 1042 2512 nec
1073 2471 1311 2526 auspicium
1343 2470 1506 2526 placet:

415 2538 547 2593 Quasi
576 2539 743 2581 hircum
775 2547 928 2590 metuo,
960 2556 1012 2582 ne
1044 2554 1153 2581 uxor
1185 2553 1250 2580 me
1264 2540 1297 2594 ²)
1330 2547 1486 2580 castret
1518 2553 1637 2588 mea3

331 2610 388 2649 A:
420 2608 495 2649 Ac
527 2616 696 2649 metuo
729 2623 788 2649 ne
822 2608 975 2649 illaec
1008 2609 1154 2650 simiae
1186 2607 1318 2663 partis
1349 2608 1470 2648 ferat.

330 2675 384 2717 P:
417 2677 594 2733 Atque
627 2676 770 2717 illius
802 2677 928 2718 haec
959 2691 1093 2718 nunc
1126 2676 1270 2717 simiae
1304 2676 1436 2732 partis
1468 2677 1588 2717 ferat.

386 2743 454 2785 De
489 2743 553 2784 his
585 2744 799 2794 versibus,
839 2745 908 2798 qui
950 2745 1135 2786 virorum
1172 2744 1392 2785 doctorum
1430 2744 1604 2799 ingenia
1635 2742 1737 2784 satis
1769 2742 1901 2797 agita-

275 2820 441 2862 verunt,
472 2812 611 2853 denuo
634 2812 798 2868 plenius
821 2813 1038 2867 disputare
1071 2812 1341 2868 supersedeo.
1388 2812 1432 2853 in
1457 2825 1594 2853 meam
1626 2824 1712 2851 rem
1746 2809 1903 2852 sufficit

392 2905 417 2947 ¹)
441 2903 614 2938 Numeris
640 2914 810 2937 versuum
837 2905 922 2937 utor
946 2902 1224 2945 Bitschelianis‚
1249 2905 1291 2936 ut
1315 2902 1461 2946 ubique,
1486 2912 1560 2936 non
1588 2900 1833 2945 Ussingianis.

389 2961 417 3004 2)
440 2972 481 2994 ne
506 2971 592 2993 uxor
616 2971 667 2993 me
693 2959 738 3003 P;
764 2971 805 2993 nc
832 2970 882 2993 me
906 2971 992 2992 tutor
1016 2959 1063 2995 A.
