2020 3278
1040 142 1122 185 120

265 278 422 320 Plauto
454 278 631 333 profecti
664 278 834 328 fuerint,
875 278 1164 335 quodpropter
1206 279 1401 334 religioni
1445 278 1503 319 ita
1542 278 1890 321 satisfaciendum

267 362 356 388 csse
389 347 575 402 putavit,
615 354 660 388 ut
693 354 894 401 utrosque
927 348 1156 388 memoriae
1191 347 1387 390 traderet.
1423 347 1544 388 cuius
1587 347 1646 388 rei
1681 346 1894 403 permulta.

267 415 466 470 exempla
504 416 727 456 Poenulzmz
767 415 961 470 inprimis
1001 415 1262 471 perlustrans
1303 415 1506 456 invenies.
1521 416 1554 470 ¹)
1624 415 1892 470 eandemque

266 484 471 525 rationem
519 484 619 525 alibi
668 499 837 540 quoque
881 493 1049 525 secutus
1097 491 1172 524 est.
1243 498 1381 538 neque
1423 483 1560 539 magis
1605 483 1783 526 dubium
1830 490 1894 525 est

265 553 367 610 quin
390 553 538 594 eodem
562 552 686 593 modo
712 567 793 593 non
828 567 972 593 omnes
995 567 1096 593 sane
1129 551 1203 593 sed
1236 567 1393 606 magna
1414 567 1512 608 pars
1536 567 1745 594 versuum
1768 552 1892 594 inter·

264 621 504 678 polatorum
538 621 820 677 archetypum
854 621 1070 662 invaserit.
1121 620 1162 661 in
1195 620 1375 675 singulis
1399 620 1592 663 versibus
1618 621 1892 676 maximeque

264 691 307 731 in
345 690 525 745 singulis
570 689 730 739 verbis,
779 689 933 744 quibus
982 704 1006 729 a
1046 703 1122 730 suo
1161 688 1396 745 exemplari
1435 689 1615 730 alterum
1654 687 1892 738 differebat,

266 758 470 799 iudicium
506 757 567 799 illi
598 758 825 799 correctori
858 757 1100 813 expeditius
1139 757 1270 798 fuisse
1309 766 1640 799 consentaneum
1679 764 1763 807 est3
1810 771 1891 798 non

264 826 398 882 igitur
431 833 655 881 utramque
688 826 945 882 scripturam
985 824 1143 881 ubique
1185 825 1367 882 reecpit,
1413 825 1457 866 id
1497 826 1610 879 quod
1653 840 1687 867 e.
1719 841 1761 881 g.
1793 825 1894 867 fecit

268 895 388 938 Stich.
427 895 520 945 158,
562 895 635 936 sed
668 894 798 935 libero
841 895 1094 950 plerumque
1137 893 1311 935 arbitrio
1349 894 1528 935 alteram
1560 894 1689 950 elegit
1728 908 1778 935 ac
1817 908 1893 949 pro

264 963 465 1005 Plautina
513 966 597 1004 iam
641 963 901 1012 venditavit3
951 977 1035 1017 quo
1081 977 1177 1003 cum
1217 965 1377 1004 factum
1419 963 1471 1003 sit
1526 970 1571 1004 ut
1619 962 1894 1004 correctionis

264 1041 377 1074 certe
410 1032 593 1088 plurima
615 1031 813 1088 exempla
844 1031 1043 1087 detegere
1066 1031 1236 1072 omnino
1268 1045 1351 1072 non
1374 1030 1600 1086 possimus,
1633 1038 1778 1072 tamen
1809 1045 1892 1072 non

265 1100 418 1142 desunt
450 1100 663 1157 quaedam
695 1100 890 1155 vestigia.
952 1099 1071 1141 velut
1102 1100 1143 1140 in
1175 1100 1323 1141 Pseud.
1355 1099 1451 1142 954.
1483 1100 1566 1143 955
1597 1100 1640 1140 in
1673 1100 1705 1140 P
1736 1106 1819 1141 est:

1497 1168 1599 1210 illuc
1630 1168 1687 1209 sis
1718 1167 1836 1210 vide:

381 1237 479 1279 Non
503 1252 676 1293 prorsus
690 1238 742 1292 2)‚
777 1251 924 1278 verum
948 1251 1000 1278 ex
1030 1244 1274 1278 transverso
1308 1235 1432 1286 cedit,
1467 1236 1588 1293 quasi
1612 1251 1766 1278 cancer
1787 1235 1891 1278 solet

263 1307 466 1363 idemque
498 1306 540 1346 in
572 1306 615 1347 A
646 1306 776 1348 fuisse
816 1305 1070 1346 concludere
1101 1304 1201 1345 licet
1234 1320 1285 1345 ex
1321 1304 1385 1345 his
1427 1304 1516 1347 eius
1550 1304 1739 1359 reliquiis
1780 1303 1894 1354 ,Non

264 1390 438 1431 prorsus
473 1390 498 1415 v
522 1407 700 1417 .....
707 1381 729 1418 ⁶.
792 1375 864 1431 qui
887 1389 1051 1424 versus,
1075 1388 1171 1415 cum
1203 1387 1278 1427 per
1309 1388 1353 1414 se
1387 1389 1437 1414 ne
1471 1373 1690 1415 minimam
1720 1372 1893 1430 quidem

268 1444 553 1501 suspicionem
592 1444 762 1493 iniciat,
811 1443 945 1484 nihilo
993 1443 1131 1484 minus
1185 1441 1507 1496 posthabendus
1552 1449 1616 1483 est
1662 1441 1719 1492 ei,
1766 1456 1893 1496 quem

268 1510 446 1567 praebet
478 1510 603 1552 valde
636 1511 956 1567 discrepantem
990 1511 1128 1554 Varro
1161 1511 1208 1552 de
1240 1513 1263 1551 l.
1298 1512 1321 1551 l.
1355 1510 1448 1554 VII
1480 1511 1553 1552 81:

380 1578 439 1621 Ut
471 1586 778 1629 transversum,
811 1595 894 1621 non
927 1595 1156 1635 proversus
1190 1579 1317 1628 cedit,
1350 1579 1472 1635 quasi
1505 1593 1659 1620 cancer
1691 1578 1810 1620 solet.

263 1662 313 1689 ea
352 1648 464 1688 enim
511 1655 726 1689 structura
780 1649 965 1689 sermoni
1012 1648 1212 1690 Plautino
1260 1648 1480 1698 convenit3
1528 1649 1579 1691 cf.
1613 1648 1708 1689 Aul.
1741 1647 1796 1690 46
1828 1662 1889 1702 sq.

262 1716 376 1765 ‚illuc
415 1716 471 1756 sis
521 1716 636 1766 vide,
686 1726 729 1757 ut
762 1716 952 1759 incedit‘.
1027 1718 1117 1758 Mil.
1157 1718 1256 1772 θέον.
1301 1717 1384 1758 200
1424 1732 1485 1773 sq.
1533 1716 1647 1766 ,illuc
1686 1716 1743 1757 sis
1781 1715 1893 1765 vide,

262 1783 624 1838 quemadmodum
665 1784 813 1825 astitit⁶
855 1800 887 1828 c,
930 1801 968 1839 q.
1008 1801 1037 1827 s.
1102 1785 1223 1826 Stich.
1261 1785 1344 1827 270
1383 1800 1445 1839 sq.
1487 1785 1581 1836 ‚hoc
1620 1784 1740 1834 vide,
1791 1783 1894 1825 satis

263 1864 305 1893 ut
352 1854 485 1893 facete
519 1884 527 1892 .
561 1884 569 1892 .
605 1885 612 1893 .
653 1853 816 1894 astitit‘.
884 1853 1028 1907 itaque
1068 1854 1250 1894 similem
1298 1854 1631 1909 discrepantiam
1671 1852 1891 1902 habemus,

262 1930 388 1977 atque
420 1921 530 1961 inter
551 1921 593 1962 A
626 1929 666 1961 ct
691 1921 721 1961 P
754 1928 872 1962 extat
911 1922 1056 1963 Pseud.
1096 1922 1185 1971 156,
1220 1921 1288 1963 ubi
1330 1922 1424 1972 ,hoc
1455 1922 1552 1963 vide
1584 1922 1658 1975 sis,
1703 1930 1745 1963 ut
1787 1921 1892 1962 alias

263 2004 328 2030 res
369 1996 517 2044 agunt‘
554 1989 604 2037 P,
644 1989 737 2038 ,hoc
782 1989 945 2030 videas:
985 1990 1090 2031 alias
1131 2005 1196 2031 res
1228 1998 1373 2046 agunt‘
1415 1990 1459 2031 A
1489 1990 1748 2046 cxhibentss)
1817 1989 1891 2031 sed

263 2072 312 2099 ca
345 2057 542 2105 mutatio,
590 2072 718 2112 quam
757 2058 799 2098 in
832 2058 1051 2100 codicibus
1091 2073 1127 2101 V.
1168 2058 1250 2099 955
1296 2057 1556 2107 invenimus,
1603 2056 1757 2110 ecquid
1802 2055 1892 2097 red-

263 2126 346 2167 olet
393 2126 723 2181 grammaticum
767 2142 818 2167 an
859 2141 941 2168 non
975 2127 1114 2182 potius
1138 2126 1399 2178 histrionem,
1434 2126 1502 2167 cui
1535 2141 1611 2167 sua
1642 2124 1774 2166 verba
1804 2132 1889 2165 tam

264 2195 467 2236 audacter
499 2209 628 2248 quam
660 2195 762 2236 scite
796 2195 971 2236 inventa
1004 2195 1155 2237 melius
1182 2194 1363 2250 placent,
1396 2209 1525 2248 quam
1560 2192 1742 2248 poetae?
1773 2207 1892 2248 prae-

265 2263 410 2303 sertim
444 2277 539 2303 cum
574 2278 621 2303 ea
655 2263 798 2313 dictio,
832 2279 959 2317 quain
994 2264 1162 2305 codices
1195 2261 1415 2318 praebent,
1447 2277 1473 2304 a
1504 2275 1698 2303 sermone
1730 2261 1892 2303 comico

263 2346 344 2371 non
370 2341 456 2371 tam
481 2330 621 2372 aliena
644 2331 710 2380 sit,
744 2347 873 2386 quam
898 2331 1068 2373 Loewio
1101 2332 1244 2387 (Amol.
1271 2331 1410 2371 Plaut.
1444 2346 1483 2387 p.
1511 2330 1610 2383 163)
1646 2329 1782 2372 visum
1804 2336 1890 2382 est3

264 2401 314 2441 cf.
348 2399 496 2439 Bacch.
533 2398 608 2440 137
660 2399 773 2449 ,illuc
821 2400 877 2441 sis
918 2400 1032 2441 vide:
1081 2415 1164 2441 non
1210 2399 1512 2455 paedagogum
1558 2399 1642 2440 iam
1684 2412 1771 2447 me,
1817 2397 1891 2439 sed

380 2535 405 2575 ¹)
431 2533 504 2568 Hic
540 2545 613 2568 non
650 2536 836 2569 omiserim
879 2536 1009 2570 afferre
1046 2536 1180 2577 locum,
1218 2536 1256 2569 in
1288 2546 1396 2578 quem
1427 2535 1610 2581 Bergkius
1645 2535 1893 2579 Goetziussque

264 2590 390 2624 oculos
410 2594 674 2625 converterunt
700 2592 908 2637 legiturque
934 2593 971 2626 in
997 2594 1114 2626 anecd.
1130 2593 1297 2626 Parisino
1322 2592 1374 2635 (in
1399 2591 1695 2626 Reiflerscheidii
1711 2591 1890 2626 Suetonio

264 2658 298 2691 p.
322 2648 383 2681 137
404 2647 513 2690 sqq.):
555 2648 765 2692 ‚antisigma
796 2660 878 2682 cum
907 2651 1046 2693 puncto
1075 2649 1294 2693 ponebatur,
1321 2660 1403 2682 cum
1422 2648 1584 2683 eiusdem
1609 2658 1736 2682 sensus
1762 2658 1889 2682 versus

262 2703 426 2747 duplices
445 2706 565 2737 essent
590 2706 627 2738 et
644 2705 879 2739 dubitaretur
896 2706 958 2750 qui
976 2705 1099 2750 potius
1125 2705 1288 2749 legendi3
1308 2705 1360 2739 sic
1385 2708 1422 2739 et
1443 2705 1541 2749 apud
1570 2708 1739 2739 nostros!

379 2771 408 2814 ²)
434 2770 487 2805 Cf.
514 2771 664 2805 Brixius
691 2772 736 2805 ad
763 2773 842 2806 Mil.
866 2774 955 2817 sJlor.
986 2773 1077 2807 1193.

377 2839 405 2881 ³)
429 2837 556 2882 Neque
581 2842 703 2873 tamen
730 2839 789 2874 hic
816 2851 944 2874 versus
971 2840 1008 2873 in
1033 2840 1104 2874 hoc
1138 2842 1249 2886 caput
1274 2840 1509 2885 recipiendus
1543 2839 1624 2882 fuit,
1658 2841 1745 2884 quia
1770 2841 1891 2885 ipsum

262 2895 503 2929 Ambrosiam
529 2899 774 2930 correctorem
793 2897 1004 2941 corruptela
1021 2896 1214 2941 archetypi
1241 2899 1293 2939 ‚at
1318 2897 1402 2931 vide
1420 2896 1479 2931 sis.
1506 2899 1568 2937 ut‘‚
1595 2908 1704 2939 quam
1722 2896 1752 2931 P
1771 2895 1889 2930 adhuc

266 2950 474 2993 ostendunt,
499 2951 545 2985 ad
570 2951 814 2985 mutationem
841 2954 1067 2987 commotum
1092 2964 1171 2988 esse
1198 2953 1532 2988 demonstravimus
1558 2964 1592 2998 p.
1618 2954 1670 2988 24.
