2020 3278
979 171 983 173 -
1028 108 1108 150 140

312 246 453 287 Pseud.
485 245 567 288 375

366 311 430 354 A:
462 312 507 356 Si
540 313 581 354 id
615 328 697 354 non
731 313 884 363 adfert,
916 329 1040 368 posse
1072 315 1222 371 opinor
1251 315 1392 355 facere
1424 328 1490 355 me
1521 314 1710 356 officium
1743 330 1884 358 meum

367 381 418 422 P:
453 381 498 423 Si
530 382 564 422 is
588 395 669 422 non
697 381 845 431 aderit,
869 397 992 436 posse
1023 383 1173 437 opinor
1204 384 1345 424 facere
1375 383 1562 425 officium
1596 383 1697 442 [me]
1730 399 1882 430 meum,

252 465 311 491 me
363 464 460 491 cum
509 450 549 490 in
603 449 639 490 P
688 450 814 503 desit,
868 457 965 491 ante
1019 467 1149 492 meum
1200 451 1298 492 olim
1341 451 1480 493 locum
1525 451 1727 494 habuisse
1777 453 1883 495 veri-

251 518 514 560 simillimum
553 525 627 561 cst.
671 519 790 559 initio
824 533 970 561 versus
1003 521 1241 575 scripturae
1273 519 1569 560 Palatinorum
1605 534 1681 575 per
1713 535 1757 562 se
1790 520 1916 577 plus.

249 586 348 628 fidei
381 587 510 637 inest,
551 601 647 628 cum
680 587 957 628 Ambrosiani
992 587 1120 629 verba
1154 603 1191 628 v.
1224 589 1307 630 373
1341 587 1450 638 ‚Nisi
1482 587 1586 628 mihi
1619 588 1744 630 hodie
1777 596 1884 632 attu-

249 655 344 696 lerit
383 655 502 696 miles
542 656 731 711 quinque
780 671 886 711 quas
933 655 1059 697 debet
1107 656 1256 697 minas‘
1304 657 1540 707 imitentur3
1587 657 1697 699 hanc
1743 666 1885 700 autem

249 725 430 765 formam
462 722 633 764 effinxit
662 723 829 774 histrio,
864 731 909 766 ut
940 724 1188 765 concinnior
1220 725 1372 779 prioris
1405 726 1640 766 sententiae
1672 725 1885 768 condicio-

250 793 359 834 nalis
382 795 441 847 (v.
466 792 567 848 373)
591 793 784 847 repetitio
809 793 1024 834 evaderet.
1058 793 1230 835 liberior
1261 808 1391 847 quam
1422 793 1460 835 P
1492 793 1686 836 efficiunt
1720 795 1884 849 periodi

250 867 465 902 structura
496 860 641 902 Plauti
674 874 765 901 esse
799 861 987 914 videtur,
1030 876 1157 917 quem
1189 862 1389 903 videlicet
1426 862 1526 903 data
1558 877 1687 919 opera
1719 863 1885 906 variare

251 929 355 971 tales
380 929 610 971 sententias
633 937 674 970 et
698 929 741 969 in
765 944 898 970 novas
920 930 1079 970 formas
1102 928 1299 985 redigere
1323 930 1494 972 solitum
1518 945 1608 973 esse
1626 932 1885 987 monuerim;
1948 945 1953 950 ·

250 999 522 1040 conferantur
545 1012 578 1039 6.
604 1013 645 1053 g.
669 999 784 1038 Asin.
807 997 889 1038 242
914 997 974 1047 ‚Si
996 997 1152 1048 adfers,
1178 1006 1268 1040 tum
1293 1005 1442 1055 patent
1458 999 1631 1055 (ianuae
1646 1000 1881 1057 lenoniae);

249 1068 284 1109 si
315 1082 399 1109 non
431 1074 507 1117 est,
539 1066 654 1122 quod
687 1066 775 1116 des,
808 1067 934 1108 aedes
967 1082 1050 1108 non
1083 1073 1264 1122 patent‘3
1298 1068 1388 1108 Mil.
1418 1069 1518 1124 ylor.
1552 1070 1634 1112 936
1666 1084 1758 1126 sqq.
1795 1069 1883 1112 Cas.

249 1136 268 1178 I
303 1137 339 1187 1,
371 1136 552 1178 18-21,
586 1134 628 1179 V
659 1136 698 1188 4,
732 1135 785 1176 22
816 1150 908 1192 sqq.

310 1216 433 1259 Stich.
467 1216 549 1258 166

362 1286 424 1326 A:
463 1285 549 1328 Sed
582 1292 760 1326 matrem
791 1299 941 1340 parere
971 1298 1138 1341 nequeo
1171 1299 1248 1325 nec
1280 1283 1385 1339 quid
1417 1299 1544 1340 agam
1576 1285 1663 1327 scio

367 1354 421 1397 P:
454 1353 538 1398 Sed
573 1361 751 1395 matrem
784 1367 934 1408 parere
968 1367 1133 1406 nequeo
1166 1352 1307 1394 nescio
1341 1367 1425 1407 quo
1457 1353 1596 1398 modo.

247 1426 290 1465 in
338 1425 374 1466 Ρ
420 1423 702 1479 pinguissima
747 1421 1019 1477 interpolatio
1057 1428 1144 1475 est3
1192 1421 1340 1462 similis
1382 1430 1444 1463 est
1491 1437 1601 1477 quae
1648 1422 1691 1464 in
1730 1423 1883 1466 utrius-

249 1509 332 1552 que
364 1492 622 1535 recensionis
653 1489 935 1545 archetypum
968 1504 1240 1531 communem
1271 1490 1428 1532 invasit
1460 1491 1607 1533 Pseud.
1641 1491 1724 1533 398
1757 1492 1883 1547 ‚Quoi

248 1577 387 1618 neque
408 1567 601 1616 paratast
624 1566 745 1616 gutta
769 1559 872 1600 certi
895 1558 1044 1599 consili
1062 1558 1215 1613 Neque
1239 1558 1346 1600 adeo
1371 1559 1537 1614 argenti
1559 1575 1727 1615 neque
1750 1575 1885 1602 nunc

249 1631 369 1689 quid
402 1630 591 1671 faciam
626 1629 758 1670 scio.‘

364 1698 655 1740 Histrionibus
692 1697 831 1752 aptius
871 1712 1000 1752 quam
1040 1695 1333 1752 grammaticis
1370 1697 1499 1738 etiam
1536 1698 1883 1740 retractationem

251 1783 449 1811 versuum
483 1768 628 1807 Pseud.
662 1765 888 1808 840—844
919 1764 1168 1806 tribuemus.
1202 1764 1260 1805 ibi
1294 1780 1456 1820 coquus
1489 1774 1654 1807 narrat:

364 1848 426 1889 A:
450 1846 534 1888 840
567 1845 650 1888 Ubi
682 1847 819 1886 omnis
852 1846 1024 1900 patinae
1055 1845 1237 1894 fervunt,
1270 1846 1406 1886 omnis
1437 1846 1601 1902 aperio:

453 1915 534 1957 841
569 1915 612 1956 Is
645 1914 747 1955 odos
781 1913 965 1954 dimissis
998 1912 1194 1954 manibus
1226 1913 1267 1953 in
1301 1914 1468 1955 caelum
1501 1915 1628 1965 volat,

454 1983 537 2025 844
566 1982 678 2024 Eum
711 1982 884 2024 odorem
916 1991 1040 2023 cenat
1076 1981 1238 2038 Iupiter
1270 1983 1460 2024 cottidie.

453 2052 535 2093 842
566 2052 662 2095 BA.
695 2051 813 2094 Odos
851 2050 1036 2091 dimissis
1077 2050 1304 2092 manibus?
1351 2050 1438 2095 CO.
1471 2052 1649 2107 peccavi
1681 2052 1880 2094 insciens.

455 2120 537 2163 843
570 2120 660 2161 BA.
693 2119 913 2174 Quidum?
953 2116 1042 2160 CO.
1076 2119 1260 2160 dimissis
1293 2120 1475 2174 pedibus
1508 2120 1623 2162 volui
1655 2120 1809 2164 dicere.

364 2189 420 2231 P:
453 2189 537 2231 840
568 2189 655 2231 Ubi
687 2188 823 2230 omnis
857 2187 1026 2243 patinae
1059 2187 1239 2239 fervent,
1271 2189 1408 2230 omnis
1441 2189 1605 2245 aperio:

456 2258 535 2301 841
570 2258 614 2298 Is
647 2257 749 2298 odos
781 2255 966 2299 dimissis
999 2255 1180 2310 pedibus
1211 2256 1254 2298 in
1286 2257 1450 2298 caelum
1484 2256 1611 2299 volat.

454 2326 538 2367 844
568 2325 680 2368 Eum
714 2325 886 2367 odorem
919 2334 1045 2368 cenat
1075 2325 1244 2381 Iupiter
1275 2325 1460 2367 cottidie.

455 2396 536 2437 842
568 2394 664 2437 ΒΑ.
696 2394 812 2436 Odos
845 2393 1032 2436 dimissis
1066 2394 1280 2451 pedibus?
1326 2393 1414 2436 CO.
1450 2393 1623 2449 peccavi
1655 2392 1852 2435 insciens.

456 2462 537 2504 843
567 2462 661 2503 ΒΑ.
696 2462 917 2515 Quidum?
959 2462 1048 2505 CO.
1082 2462 1266 2504 dimissis
1297 2461 1493 2503 manibus
1526 2461 1639 2504 volui
1672 2461 1825 2504 dicere.

251 2530 301 2570 de
344 2529 500 2584 quibus
542 2530 650 2571 malc
691 2531 894 2571 iudicavit
935 2530 1220 2585 Niemeyerus
1270 2546 1309 2586 p.
1343 2531 1416 2578 28,
1455 2530 1610 2571 rectius
1651 2529 1880 2586 Ussingius

250 2597 367 2652 (vide
412 2598 466 2639 ad
516 2614 553 2638 V.
592 2600 715 2654 845),
755 2599 834 2639 nisi
891 2599 1005 2653 quod
1053 2613 1139 2640 rem
1193 2614 1274 2640 non
1332 2599 1457 2654 plane
1506 2598 1706 2653 absolvit3
1760 2597 1881 2641 cuius

252 2665 381 2707 verba
415 2674 532 2707 sunt:
577 2666 836 2718 ,dimissis
869 2666 1111 2709 manibus
1135 2682 1188 2708 ex
1210 2667 1253 2708 A
1277 2666 1552 2717 Ritschelius‚
1577 2667 1601 2709 i.
1635 2681 1669 2710 e.
1693 2667 1881 2708 maximo

252 2749 390 2788 cursu,
417 2750 454 2777 v.
477 2734 529 2775 ad
553 2735 680 2790 Epid.
705 2734 845 2791 [452]
862 2736 893 2790 ¹)
916 2735 949 2776 si
975 2735 1082 2777 haec
1104 2735 1315 2792 scriptura
1339 2750 1440 2777 vera
1462 2742 1536 2789 est,
1562 2750 1631 2777 vv.
1655 2734 1879 2777 847—848

348 2927 372 2972 ¹)
399 2927 452 2961 ed.
474 2926 594 2961 Plaut.
609 2925 671 2961 ΙΙΙ
689 2928 708 2961 2
726 2939 760 2973 p.
776 2928 858 2962 276:
890 2927 1134 2973 ‚significatur
1149 2928 1253 2973 [voce
1268 2928 1419 2962 dimissis
1431 2927 1602 2973 manibus]
1619 2923 1638 2961 ὀ
1659 2928 1879 2971 παρασείων,
