2020 3278
881 150 960 194 183

106 287 261 328 tiarum
300 286 408 328 inter
446 287 713 328 recensiones
754 287 929 328 extabat
972 287 1062 328 eius
1101 287 1292 343 generis,
1334 296 1377 328 ut
1411 286 1527 328 nulla
1559 302 1731 342 prorsus

106 369 255 408 causa,
298 370 372 396 cur
411 355 544 396 altera
589 363 683 396 utra
722 357 934 412 scriptura
975 362 1139 397 mutata
1181 362 1310 405 esset,
1358 355 1547 409 conspici
1572 363 1734 411 posset3

107 438 214 480 quas
253 424 289 464 si
320 423 414 477 quis
459 423 513 465 ad
547 425 878 479 ‚grammaticos‘
921 423 1165 466 referendas
1208 430 1398 474 censeat,
1439 423 1648 479 analogiis
1681 438 1736 465 ex

106 492 192 534 lato
231 493 466 534 litterarum
510 492 761 534 Latinarum
803 501 843 534 et
875 492 1142 536 Graecarum
1182 507 1333 547 campo
1368 491 1582 532 arcessitis
1614 506 1733 533 suam

106 562 360 604 sententiam
391 562 530 603 firmet
562 561 702 611 velim,
734 561 813 602 nisi
848 561 954 602 forte
985 560 1299 617 grammaticis,
1332 560 1405 614 qui
1436 559 1641 601 Plautum
1674 575 1732 601 re-

106 630 360 683 censuerint,
392 630 608 686 ingenium
634 644 805 685 prorsus
830 629 1047 685 singulare
1072 630 1438 685 praecipuumque
1462 628 1570 669 inter
1592 643 1736 669 omnes

106 700 228 754 quasi
273 700 485 741 fervorem
534 698 726 740 mutandi
774 705 959 754 arroget.
1019 698 1149 739 immo
1202 713 1370 739 earum.
1402 696 1591 738 maxima
1634 712 1734 752 pars

108 768 363 818 necessario,
397 768 560 822 reliqua
583 767 803 809 commode
827 768 880 808 ad
913 767 1006 808 illas
1039 767 1309 809 recensiones
1340 766 1462 807 novis
1494 765 1736 808 actionibus

111 837 345 879 destinatas
368 839 563 886 refertur,
594 836 708 878 unde
732 838 774 878 in
798 836 1065 878 recensiones
1089 835 1214 877 modo
1239 834 1587 884 Ambrosianam‚
1612 834 1737 876 modo

106 905 348 947 Palatinam
385 906 656 949 transierunt.
707 906 749 946 in
789 905 997 947 eiusmodi
1043 904 1336 960 exemplorum
1386 903 1659 945 multitudine
1703 902 1737 944 si

108 976 203 1032 quis
234 991 365 1018 unum
389 975 627 1016 alterumve
651 981 897 1031 exemptum
918 973 1312 1030 grammaticaeque
1335 972 1475 1028 potius
1498 971 1736 1013 recensioni

111 1044 377 1101 assignatum
413 1044 518 1096 vult,
552 1043 724 1085 minime
757 1041 1040 1084 adversabor:
1083 1042 1134 1083 de
1166 1042 1299 1097 ipsius
1339 1041 1433 1083 viae
1465 1055 1516 1082 ac
1546 1040 1735 1090 rationis,

108 1128 237 1168 quam
259 1121 428 1154 secutus
450 1127 558 1162 sum,
591 1113 767 1154 veritate
792 1111 933 1153 nullus
961 1110 1118 1153 dubito.
1166 1118 1348 1166 utraque
1381 1116 1523 1151 autem
1545 1109 1737 1151 recensio

107 1196 204 1223 cum
236 1197 288 1223 ex
320 1181 404 1222 illis
436 1180 622 1222 fontibus
655 1187 845 1222 correcta
877 1180 947 1233 sit,
990 1180 1033 1221 in
1063 1179 1190 1221 huius
1229 1178 1400 1235 generis
1439 1177 1739 1234 discrepantiis

107 1259 205 1292 utra
238 1249 409 1306 saepius
442 1249 698 1305 scripturam
735 1249 983 1291 Plautinam
1020 1248 1255 1290 servaverit
1293 1261 1517 1289 numerare
1556 1254 1602 1289 ut
1632 1247 1738 1303 peri-

108 1319 299 1361 culosum
339 1318 397 1359 ita
436 1318 618 1360 otiosum
652 1327 726 1360 est.
788 1334 887 1359 nam
927 1333 977 1360 ne
1017 1332 1196 1373 urgeam
1249 1315 1364 1372 quod
1413 1315 1620 1357 iudicium
1672 1322 1736 1357 sat

108 1388 249 1445 multis
294 1388 397 1429 locis
443 1402 617 1443 prorsus
664 1386 829 1428 nullum
867 1387 958 1428 fieri
1004 1393 1144 1441 potest
1190 1385 1243 1427 ob
1284 1400 1468 1440 aequam
1505 1384 1736 1426 lectionum

108 1457 441 1513 praestantiam,
484 1456 624 1506 casui,
663 1471 746 1497 non
778 1455 930 1497 rationi
969 1455 1209 1496 subiectam
1250 1469 1342 1496 esse
1373 1454 1485 1495 hanc
1524 1460 1740 1509 computa·

109 1526 265 1567 tionem
297 1525 500 1566 dixerim:
534 1525 629 1581 quis
662 1525 774 1566 enim
806 1524 1026 1580 negaverit
1058 1523 1149 1565 fieri
1181 1538 1320 1579 posse,
1352 1531 1398 1565 ut
1430 1522 1644 1565 interdum
1675 1537 1740 1564 eo-

108 1593 206 1636 dem
227 1595 320 1636 loco
351 1594 572 1648 utriusque
595 1593 852 1635 recensionis
885 1593 1121 1649 scripturae
1145 1607 1198 1634 ex
1230 1592 1345 1633 illius
1367 1591 1483 1633 modi
1515 1590 1735 1633 codicibus

107 1663 357 1719 desumptae
380 1663 463 1704 sint
495 1669 622 1717 atque
655 1662 761 1703 adeo
794 1670 839 1703 ut
871 1662 1124 1716 exquisitior
1155 1662 1366 1717 scriptura
1398 1660 1608 1709 histrioni,
1640 1660 1739 1701 sim-

110 1732 262 1788 plicior
293 1731 448 1773 Plauto
481 1730 720 1773 debeatur?
751 1746 898 1772 omnes
928 1731 1060 1787 igitur
1090 1731 1218 1781 locos,
1258 1736 1363 1785 quot
1393 1729 1567 1786 quidem
1596 1743 1738 1770 recen‘

108 1801 215 1843 sioni
249 1801 468 1843 scaenicae
502 1799 806 1842 adscribendos
839 1815 930 1841 esse
963 1807 1123 1842 certum
1148 1807 1224 1850 est,
1256 1799 1292 1841 si
1322 1799 1418 1854 quis
1451 1799 1503 1841 de
1534 1798 1742 1841 recensio-

109 1885 211 1912 num
257 1869 510 1912 auctoritate
548 1870 763 1925 integrum
801 1868 1008 1911 iudicium
1047 1869 1238 1911 facturus
1277 1875 1360 1919 est,
1407 1882 1492 1909 non
1542 1867 1738 1909 adhiberi

108 1954 187 1995 par
218 1946 295 1981 est.
