2020 3278
296 266 491 306 Pmmdnlo
529 281 675 307 versus
714 267 800 309 193.
833 266 915 307 ‘255
954 266 988 307 ci
1024 281 1176 307 nomen
1214 266 1378 307 lenonis
1407 267 1532 307 facile
1565 266 1914 322 suppeditabant3

295 350 393 375 nam
432 335 537 376 haec
579 335 839 391 appellativa
870 349 986 375 mero
1027 351 1127 375 casu
1160 335 1303 375 oculos
1337 335 1585 376 correctoris
1615 335 1777 390 fugisse
1806 349 1916 389 quae

290 403 407 443 iuxta
425 403 580 460 scripta
600 414 695 444 sunt
714 403 886 443 nomina
905 403 1075 458 propria
1094 402 1399 446 demonstrant.
1419 412 1565 444 contra
1582 403 1806 445 consilium
1825 418 1912 445 cor-

288 471 463 511 rectoris
483 471 747 526 apertissime
768 472 808 511 in
827 485 874 510 eo
895 470 1174 525 conspicitur,
1203 471 1329 526 quod,
1351 469 1593 525 ubicunque
1611 471 1697 513 ulla
1715 471 1766 512 de
1786 486 1917 513 causa

289 554 371 579 non
398 539 532 594 potuit
556 539 726 580 nomina
752 539 923 595 propria
948 540 1111 579 scaenis
1141 538 1478 595 superscribere,
1516 539 1569 580 ad
1595 539 1713 580 varia
1737 539 1916 581 artificia

289 607 492 661 confugit.
519 607 649 649 veluti
673 608 714 648 in
738 608 871 648 Sticho
889 607 1035 648 fabula
1057 607 1121 648 vel
1140 607 1320 648 Plautus
1340 607 1405 648 vel
1424 608 1496 662 qui
1515 616 1610 663 post
1627 608 1716 649 eius
1734 615 1915 650 aetatem

288 674 475 716 fabulam
505 676 752 717 retractavit
769 678 800 731 ¹)
824 690 1030 726 sororum,
1055 691 1164 732 quae
1189 677 1230 717 in
1255 691 1409 717 scaena
1435 678 1572 733 prima
1603 676 1916 731 colloquuntur,

289 743 459 784 nomina
491 743 596 784 adeo
628 758 711 784 non
744 745 927 795 curavit,
970 752 1016 786 ut
1047 745 1180 786 altera
1212 752 1376 786 tantum
1408 745 1450 785 in
1484 745 1588 800 ipsis
1622 745 1814 787 versibus
1847 760 1915 786 no-

289 812 400 853 mine
439 812 701 868 appelletur,
742 813 916 855 alterius
958 829 1110 855 nomen
1145 829 1316 869 prorsus
1348 814 1588 856 reticeatur.
1650 813 1763 854 unde
1796 814 1916 856 vides

291 895 468 921 scaenae
501 881 664 936 primae
697 882 739 922 in
773 882 1007 938 archetypo
1039 883 1207 924 titulum
1239 883 1369 923 fuisse
1410 895 1588 931 ,sorores
1620 882 1696 932 II‘‚
1727 882 1770 923 id
1803 882 1916 937 quod

293 949 333 989 in
359 948 395 990 P
420 949 546 990 hodie
578 964 749 1005 quoque
781 951 974 1006 legimus.
1008 951 1082 992 sed
1115 951 1287 991 nomina
1319 949 1493 1005 propria
1525 950 1747 992 additurus
1779 966 1917 1006 gram-

290 1018 470 1059 maticus
511 1017 810 1060 Palatinorum
852 1034 904 1060 ex
937 1035 1005 1062 vv.
1038 1020 1119 1060 247
1160 1027 1199 1061 et
1241 1019 1321 1061 331
1364 1019 1543 1060 alterum
1582 1033 1736 1060 nomen
1769 1019 1917 1069 ,Pane-

287 1087 420 1142 gyris‘
443 1096 556 1129 recte
580 1088 737 1138 elicuit,
770 1103 847 1143 pro
880 1088 1013 1129 altero
1046 1096 1185 1129 autem
1219 1088 1398 1144 proclivi
1433 1102 1575 1129 errore
1607 1088 1729 1143 pueri
1761 1102 1916 1129 nomen

288 1156 569 1206 ,Pinacium‘‚
624 1171 807 1211 quocum
859 1157 1100 1213 Panegyris
1152 1157 1194 1197 in
1255 1171 1409 1198 scaena
1463 1156 1512 1197 H
1561 1156 1586 1196 2
1647 1155 1916 1213 colloquitur,

289 1225 469 1281 scripsit.
547 1225 861 1267 Ambrosianae
911 1235 1053 1267 autem
1106 1226 1366 1266 recensionis
1424 1232 1574 1267 auctor
1628 1225 1731 1280 quid
1785 1226 1916 1268 fecit?

288 1308 480 1335 sororum
530 1296 722 1348 nomina,
785 1310 894 1351 quae
947 1294 1068 1335 solito
1120 1308 1233 1335 more
1295 1294 1603 1336 substituturus
1654 1301 1766 1345 erat,
1819 1309 1915 1336 cum

288 1363 328 1402 in
362 1363 500 1417 prima
532 1378 685 1404 scaena
724 1378 807 1404 non
839 1363 998 1419 legeret
1041 1378 1118 1404 nec
1157 1363 1402 1419 diligentius
1441 1363 1552 1404 ultra
1590 1363 1701 1404 hanc
1740 1363 1917 1404 circum-

288 1431 488 1488 spiceret,
531 1434 707 1486 antiqua
747 1432 1020 1487 inscriptione
1063 1446 1236 1486 prorsus
1268 1431 1434 1473 abiecta
1486 1432 1772 1473 audacissime
1804 1446 1916 1474 nova

289 1501 459 1541 nomina
493 1501 658 1541 effinxit
690 1500 960 1551 ,Philumena
985 1500 1240 1556 Pamphila‘,
1259 1499 1447 1541 Terentii
1478 1508 1520 1541 ut
1549 1500 1716 1541 videtur
1740 1514 1914 1551 memor,

288 1569 359 1625 qui
393 1569 456 1609 his
490 1569 731 1612 nominibus
764 1585 866 1611 usus
899 1578 973 1611 est.
1036 1585 1214 1626 quorum
1248 1583 1343 1610 cum
1370 1583 1524 1610 nomen
1551 1568 1822 1623 ,Pamphila‘‚
1853 1576 1916 1611 ut·

291 1645 388 1692 pote
422 1639 634 1679 meretrici
666 1646 830 1680 tantum
863 1654 946 1680 non
979 1638 1144 1680 mulieri
1169 1637 1489 1679 honestissimae
1522 1646 1682 1692 aptum,
1714 1652 1739 1679 a
1770 1637 1916 1679 limine

288 1706 549 1747 reiciendum
592 1707 664 1759 sit,
712 1706 997 1759 ,Philumena‘
1044 1721 1119 1762 per
1164 1720 1207 1747 se
1254 1706 1431 1746 forsitan
1479 1705 1579 1746 ferri
1627 1712 1789 1763 posset,
1835 1705 1915 1748 nisi

289 1774 480 1815 mulieris
513 1788 560 1815 eo
594 1774 762 1815 nomine
794 1774 834 1815 in
868 1775 910 1815 A
943 1775 1182 1830 appellatae
1214 1789 1361 1815 verum
1394 1788 1545 1815 nomen
1578 1774 1845 1830 ‚Panegyris‘
1876 1782 1918 1816 ct

288 1842 582 1883 Palatinorum
615 1842 738 1883 titulo
771 1851 811 1883 et
844 1858 909 1885 VV.
930 1843 1023 1886 247.
1047 1842 1142 1893 331,
1176 1843 1332 1899 quibus
1364 1843 1405 1883 in
1434 1843 1470 1884 A
1503 1858 1672 1899 quoque
1697 1850 1913 1885 servatum

290 1921 364 1960 est,
397 1911 510 1952 omni
543 1910 810 1952 dubitatione
838 1920 1084 1966 exemptum
1117 1922 1237 1954 esset.
1285 1913 1368 1953 iam
1397 1927 1497 1954 vero
1520 1912 1761 1953 memineris
1787 1912 1915 1954 velim

290 1994 437 2021 versus
479 1980 599 2021 Stich.
632 1979 737 2029 393,
779 1995 906 2034 quem
946 1995 983 2036 p.
1017 1982 1073 2022 40
1111 1981 1314 2031 tractavi,
1361 1981 1433 2022 ubi
1473 1990 1620 2022 auctor
1655 1980 1914 2022 recensionis

290 2047 607 2089 Ambrosianae
662 2049 831 2089 nomine
884 2048 1243 2105 ,Pamphilippus‘
1298 2057 1460 2091 remoto
1515 2049 1734 2091 substituit
1778 2048 1915 2099 ‚Pam-

289 2116 465 2172 philus‘:
517 2117 718 2171 numquis
776 2116 985 2158 dubitabit
1033 2118 1136 2171 quin
1183 2117 1342 2168 eidem,
1399 2117 1471 2172 qui
1523 2117 1823 2173 ,Pamphilam‘
1870 2118 1914 2158 in

290 2185 490 2227 Plautum
523 2185 716 2236 induxit,
756 2187 882 2227 etiam
915 2185 1132 2241 Pamphili
1170 2200 1322 2227 nomen
1360 2193 1401 2226 et
1438 2200 1585 2227 versus
1617 2186 1699 2229 393
1739 2186 1916 2227 metrica

292 2254 497 2295 correctio
530 2253 762 2297 debeatur?
820 2254 916 2295 vide
963 2269 1090 2308 quam
1139 2254 1406 2296 memorabili
1457 2254 1654 2311 exemplo
1710 2261 1916 2311 appareat

290 2330 569 2364 correctorem
611 2338 692 2364 non
733 2323 868 2365 solum
908 2323 1049 2364 verbis
1088 2332 1236 2380 poetae
1274 2323 1490 2365 mutandis
1529 2337 1703 2379 operam
1748 2322 1916 2364 dedisse

290 2391 363 2432 scd
404 2390 530 2432 etiam
571 2391 777 2432 eiusmodi
825 2407 890 2432 res
929 2391 1104 2432 arbitrio
1138 2407 1214 2434 suo
1253 2392 1505 2443 subiecisse3
1554 2401 1593 2433 et
1632 2391 1664 2432 si
1710 2391 1777 2432 vel
1817 2391 1917 2433 huic

290 2468 542 2515 argumento
574 2459 667 2513 quis
700 2460 826 2501 fidem
849 2460 1135 2516 abrogaverit,
1169 2476 1252 2502 non
1285 2461 1439 2516 poterit
1462 2460 1682 2516 refragari,
1715 2461 1750 2501 si
1783 2460 1915 2501 altero

289 2528 486 2583 exemplo
533 2528 657 2569 etiam
711 2529 908 2584 graviore
954 2544 1092 2583 neque
1132 2529 1272 2570 adhuc
1322 2538 1364 2570 ut
1406 2529 1572 2570 videtur
1627 2528 1801 2584 cognito
1849 2529 1915 2569 de·

290 2605 581 2638 monstravero
631 2605 932 2649 correctorem,
977 2607 1022 2638 ut
1055 2598 1280 2638 Τνιιωιῖεηιί
1316 2612 1513 2638 scaenam
1545 2596 1594 2637 II
1618 2597 1639 2637 1
1673 2611 1767 2637 cum
1803 2604 1916 2637 ante-

291 2665 456 2706 cedenti
489 2667 786 2720 coniungeret‚
828 2666 1133 2707 violentissime
1173 2681 1254 2707 non
1299 2666 1435 2707 solum
1474 2664 1794 2718 inscriptionem
1825 2678 1912 2705 sus-

291 2734 454 2783 tulisse,
509 2734 582 2775 sed
621 2734 749 2774 etiam
793 2749 938 2776 versus
987 2734 1274 2775 antecedentis
1321 2743 1502 2775 metrum
1544 2740 1752 2783 mutasse3
1800 2731 1915 2788 quod

408 2952 432 2993 ¹)
460 2948 515 2983 De
542 2947 661 2983 Stichi
689 2946 862 2992 διασκευή
891 2948 935 2982 cs.
968 2948 1113 2983 Gootzii
1134 2954 1252 2994 praes.
1279 2961 1312 2994 p.
1337 2948 1405 2983 IX.
1429 2948 1513 2983 XV.
