2020 3278
1014 134 1227 200 „1er

281 289 348 316 me
379 273 553 315 minime
586 287 842 329 unoquoque
863 273 969 322 loco,
994 287 1122 327 quem
1144 271 1244 312 huic
1275 270 1403 327 capiti
1437 270 1609 320 inserui,
1641 270 1909 313 diversitates

280 358 332 384 ex
375 342 561 383 histricis
610 340 927 396 exemplaribus
975 341 1192 382 derivatas
1239 354 1331 380 esse
1378 339 1600 395 spondere.
1670 353 1752 380 non
1794 340 1908 381 enim

278 426 371 452 sum
404 411 572 451 nescius
611 409 824 451 interdum
864 409 989 450 etiam
1022 408 1205 450 librariis
1243 409 1352 448 inter
1382 406 1655 449 scribendum
1696 407 1903 449 accidisse

279 487 326 522 ut
358 479 480 534 quasi
512 478 635 520 inviti
661 477 790 519 verbo
823 477 992 519 cuidam
1018 476 1136 518 aliud
1167 475 1424 518 subicerent.
1485 476 1606 519 cuius
1629 476 1689 517 rei
1720 475 1908 519 luculen-

281 548 493 589 tissimum
525 546 769 602 exemplum
797 546 919 587 adest
943 546 1089 586 Pseud.
1125 544 1246 586 1207.
1280 559 1428 585 versus
1450 545 1597 587 Pseud.
1633 544 1910 588 1205—1207

280 616 322 657 in
354 615 451 657 ΑΡ
483 629 559 658 suo
591 614 682 656 loco
712 614 861 669 scripti
898 613 940 654 in
973 612 1009 654 P
1040 613 1181 654 iterati
1213 621 1310 654 sunt
1348 620 1442 668 post
1473 628 1511 653 v,
1548 613 1676 665 1161,
1716 621 1763 655 ut
1799 613 1912 654 idem

281 684 479 725 videlicet
527 690 826 739 argumentum
878 682 1155 730 continentes,
1196 681 1311 736 quod
1352 696 1390 721 v.
1436 680 1557 722 1160.
1583 680 1691 722 1162
1713 696 1805 737 sqq.
1840 681 1912 723 illo

281 761 421 794 autem
458 751 552 793 loco
592 765 688 792 cum
736 759 850 791 recte
890 765 1036 792 versus
1077 750 1183 792 1207
1223 749 1419 791 tradatur
1459 749 1605 799 ,Dedit
1646 749 1744 791 huic
1783 756 1913 806 atque

282 821 497 863 hominem
537 819 781 868 exornavit,
828 818 1050 861 mulierem
1083 819 1155 875 qui
1188 818 1446 870 abduceret‘,
1486 818 1618 859 altero
1654 817 1747 859 loco
1784 832 1912 860 sensu

284 904 405 931 casso
438 890 646 945 scriptum
673 894 736 929 est
768 889 858 944 ,qui
893 894 1154 937 arcesseret‘,
1187 896 1334 943 aperto
1365 886 1529 928 librarii
1561 901 1714 930 errore.

400 957 569 999 Deinde
602 971 653 997 ne
695 955 926 1012 magistelli
965 955 1140 1010 quidem
1169 954 1377 997 eiusmodi
1412 955 1810 1011 interpolationibus
1842 955 1913 997 ab·

282 1028 535 1068 stinuerunt.
596 1024 714 1066 velut
753 1024 863 1066 Truc.
898 1023 979 1066 130
996 1039 1058 1080 sq.
1090 1023 1310 1078 Bergkius
1343 1023 1502 1078 optime
1547 1024 1732 1066 restituit
1773 1038 1914 1080 ‚quem

283 1095 495 1138 arcessis?
525 1096 535 1150 j!
566 1093 836 1135 Archilinam
874 1092 1169 1142 Tonstricem‘,
1222 1106 1318 1133 cum
1363 1092 1406 1133 A
1444 1093 1705 1142 Meretricem,
1750 1092 1788 1133 P
1837 1092 1913 1134 Ob-

281 1166 474 1205 stetricem
498 1163 744 1218 praebeant.
805 1161 931 1216 Epid.
959 1160 1041 1201 503
1066 1162 1187 1203 iuxta
1219 1160 1450 1216 genuinam
1483 1175 1632 1202 vocem
1663 1161 1915 1203 stultissima

282 1232 552 1290 interpolatio
584 1238 767 1273 aetatem
800 1229 910 1272 tulit.

401 1301 453 1342 P:
487 1300 573 1343 Sed
604 1307 652 1341 tu
682 1298 867 1340 novistin
899 1297 1116 1338 fidicinam
1148 1296 1544 1352 Acropolistidem?

282 1371 346 1413 A:
391 1369 595 1423 ,novistin
639 1368 864 1410 mulierem
916 1365 1160 1409 fidicinam‘.
1220 1365 1262 1406 in
1310 1364 1556 1406 universum
1607 1372 1749 1407 autem
1791 1365 1914 1408 inter-

285 1439 526 1495 polatorum
566 1437 751 1493 ineptiae
783 1442 870 1477 toto
902 1434 1020 1476 caelo
1059 1433 1253 1475 diversae
1291 1441 1390 1476 sunt
1420 1433 1474 1475 ab
1514 1435 1700 1490 egregiis
1742 1434 1824 1476 illis
1857 1435 1917 1476 in·

287 1509 439 1558 ventis,
471 1521 581 1563 quae
613 1506 749 1547 multa
780 1519 910 1560 supra
942 1503 1109 1558 collegi.

397 1576 483 1618 Sed
517 1590 613 1617 cum
636 1589 690 1616 ex
716 1574 864 1615 horum
888 1572 1077 1612 locorum
1108 1570 1381 1612 multitudine
1407 1570 1594 1627 quidam,
1618 1580 1665 1613 ut
1687 1586 1709 1612 a
1732 1572 1918 1613 librariis

282 1644 629 1701 grammaticisve
667 1642 859 1700 profecti,
888 1639 1137 1681 detrahendi
1169 1639 1266 1688 sint,
1306 1653 1360 1680 ex
1396 1640 1530 1682 altera
1562 1649 1683 1695 parte
1708 1640 1915 1690 nonnulli,

284 1728 391 1771 quos
414 1712 719 1769 grammaticae
743 1709 980 1752 recensioni
1005 1723 1084 1764 ego
1108 1708 1206 1749 olim
1230 1707 1370 1761 tribui,
1391 1709 1611 1750 scaenicae
1638 1708 1777 1764 potius
1803 1709 1916 1750 attri-

284 1781 442 1826 buendi
474 1780 687 1823 videntur.
748 1778 864 1820 velut
895 1791 1007 1819 nunc
1038 1791 1174 1832 paene
1207 1777 1325 1832 piget
1356 1777 1470 1833 quod
1508 1777 1620 1818 Truc.
1652 1776 1735 1818 363

399 1850 465 1891 A:
499 1848 682 1898 Vellem,
714 1847 750 1888 si
780 1846 871 1887 fieri
902 1853 1058 1902 posset.
1098 1847 1113 1901 Η
1147 1845 1251 1887 66ᾶο
1283 1846 1422 1887 soleas
1454 1860 1561 1901 puer

402 1919 455 1960 P:
489 1917 645 1969 Velim,
678 1916 712 1958 si
744 1915 834 1957 fieri
865 1915 1010 1970 possit.
1044 1916 1061 1969 Η
1095 1913 1201 1955 66ἀο
1234 1913 1371 1954 soleas
1404 1913 1520 1956 mihi.

406 1988 518 2028 Tmo.
551 1986 634 2029 378
665 1986 727 2027 A:
761 1985 851 2026 Iam
884 1983 1067 2026 lauta’s‘?
1098 1982 1114 2038 l}
1149 1982 1265 2023 lauta
1297 1981 1399 2022 mihi
1432 1981 1606 2036 quidem
1638 1997 1673 2024 6.
1697 1997 1736 2039 q.
1754 1998 1786 2026 8.

662 2055 721 2096 P:
754 2054 849 2095 Iam
879 2051 1064 2093 lauta's‘?
1098 2052 1115 2105 11
1150 2051 1234 2091 iam
1265 2050 1336 2104 pol
1369 2049 1471 2090 mihi
1504 2051 1676 2104 quidem
1707 2065 1742 2092 e.
1765 2065 1805 2105 q.
1828 2065 1860 2093 8.

401 2126 548 2167 Pseud.
570 2124 651 2167 397
690 2123 753 2166 A:
785 2121 897 2176 Quoi
929 2135 1067 2175 neque
1099 2119 1238 2174 parati
1271 2126 1334 2160 est
1366 2118 1596 2174 quicquam
1628 2119 1731 2160 certi
1764 2118 1913 2160 consili

695 2192 751 2233 P:
787 2190 898 2245 Quoi
930 2204 1068 2243 neque
1100 2196 1250 2244 parata
1280 2194 1404 2242 gutta
1435 2187 1539 2228 certi
1571 2186 1734 2228 consili.

400 2262 523 2303 Mero.
562 2261 646 2303 475
687 2261 752 2302 A:
785 2259 905 2301 Tuus
951 2258 1114 2299 amicus
1155 2263 1197 2298 et
1228 2255 1386 2297 sodalis
1425 2264 1464 2296 et
1503 2255 1668 2297 vicinus
1697 2255 1918 2311 proximus

694 2328 749 2370 P:
784 2327 903 2370 Tuus
927 2326 1089 2368 amicus
1115 2332 1155 2367 et
1188 2323 1345 2366 sodalis
1363 2324 1488 2365 simul
1505 2323 1671 2366 vicinus
1694 2325 1916 2379 proximus

289 2412 372 2439 non
406 2397 451 2438 in
482 2397 560 2438 hoc
592 2406 720 2452 caput
751 2397 908 2451 recepi.

403 2465 594 2506 Transeo
632 2465 685 2506 ad
726 2464 1019 2519 quaestionem
1059 2461 1111 2503 de
1150 2460 1430 2502 collocatione
1470 2460 1698 2502 verborum
1736 2475 1810 2517 per
1850 2476 1911 2502 re-

290 2534 509 2576 censiones
527 2533 695 2574 diversa
712 2532 1032 2574 instituendam.
1055 2531 1176 2572 euius
1197 2529 1367 2585 generis
1386 2528 1700 2584 discrepantiae
1724 2529 1914 2571 omnium

289 2603 413 2658 longe
436 2601 719 2643 creberrimae
742 2610 869 2655 atque
891 2601 949 2642 ita
973 2605 1244 2656 comparatae
1267 2606 1376 2650 sunt,
1411 2604 1456 2639 ut
1480 2598 1598 2640 nulla
1620 2597 1703 2638 alia
1726 2611 1772 2638 re
1804 2596 1911 2640 dilu-

291 2673 427 2714 cidius
466 2679 674 2729 appareat
710 2671 836 2726 longe
869 2669 1072 2711 maiorem
1105 2674 1269 2722 partem
1303 2666 1688 2721 discrepantiarum
1718 2665 1827 2706 inter
1858 2679 1918 2706 re-

291 2743 510 2783 censiones
552 2740 790 2782 extantium
832 2754 915 2780 non
956 2750 1078 2793 posse
1120 2749 1173 2776 ex
1207 2734 1298 2776 sola
1335 2734 1712 2790 grammaticorum
1754 2733 1912 2776 nedum

290 2809 562 2851 librariorum
607 2823 737 2865 opera
768 2807 923 2864 repeti,
972 2805 1047 2847 sed
1093 2803 1147 2845 ad
1179 2802 1446 2858 exemplaria
1478 2803 1732 2844 histrionum
1765 2801 1917 2845 redire.

292 2891 476 2933 namque
534 2877 612 2918 etsi
663 2876 827 2918 librarii
879 2872 1149 2930 transpositis
1207 2871 1348 2912 'verbis
1401 2885 1708 2928 saepenumero
1768 2884 1916 2912 versus

294 2956 472 2987 metrum
506 2952 799 3000 corruperunt,
832 2943 1086 3000 aliquotiens
1120 2940 1246 2980 etiam
1278 2940 1390 2981 felici
1423 2953 1526 2982 casu
1558 2954 1642 2981 non
1674 2938 1912 2994 corrupisse
