2020 3278
910 173 1076 237 165*—

132 308 262 356 suao‘,
294 306 407 362 quod
440 307 549 350 redit
574 308 626 349 ad

244 374 358 417 Nam
404 383 569 417 ecastor
614 391 847 433 numquam
893 378 994 419 satis
1042 377 1159 419 dedit
1209 393 1312 420 suae
1366 378 1528 420 amicae
1575 379 1754 436 quisque

1354 453 1530 488 amator.

186 510 267 553 His
305 511 406 553 locis
456 510 638 553 editores
679 512 897 554 Palatinos
938 514 1072 554 secuti
1106 521 1224 563 sunt3
1270 514 1559 558 discesserunt
1598 515 1753 558 iniuria

131 586 177 621 ut
209 579 361 635 opinor
392 578 444 621 ab
476 579 545 621 iis:
1022 567 1025 572 ¹

188 648 298 689 Pers.
331 648 414 690 400

242 715 298 757 P:
330 716 547 771 Quidnam
579 730 670 757 esse
702 723 896 758 acturum
928 716 1068 758 dicam
1101 717 1215 759 hunc
1246 718 1439 760 vicinum
1471 734 1612 762 meum

242 785 306 826 A:
338 784 556 840 Quidnam
587 799 678 826 esse
711 791 905 827 acturum
939 785 1077 827 dicam
1111 786 1223 828 hunc
1257 788 1444 830 vicinum
1479 803 1633 837 meum,

129 853 242 908 quod
273 853 534 897 Ritschelius
566 855 738 910 recepit.

187 923 277 963 Mz'l.
308 922 408 978 ylor.
439 922 495 964 40

243 990 300 1034 P:
331 990 516 1032 Novisse
547 1004 685 1032 mores
715 1005 785 1032 me
815 998 909 1032 tuos
939 990 1140 1032 meditate
1172 990 1295 1034 decet

240 1059 300 1100 A:
330 1059 514 1101 Novisse
544 1073 682 1100 mores
715 1066 809 1101 tuos
841 1074 907 1100 me
938 1059 1139 1101 meditate
1171 1060 1307 1103 decet.

129 1142 224 1170 cum
257 1129 295 1169 A
327 1142 472 1169 omnes
506 1127 699 1170 editores,

184 1197 330 1237 Pseud.
366 1196 476 1237 1234
505 1195 564 1238 P:
598 1195 698 1238 dum
730 1196 812 1238 hac
844 1196 1018 1238 domum
1050 1196 1222 1239 redeam
1256 1199 1336 1242 via.

127 1265 170 1306 in
201 1265 245 1306 A
276 1280 372 1307 cum
411 1265 454 1306 in
486 1265 568 1305 fine
605 1280 752 1307 versus
784 1272 900 1306 extet
931 1264 969 1315 ᾗ,
1009 1264 1208 1308 Loewius
1239 1266 1381 1322 (Anal.
1415 1267 1551 1308 Plane.
1584 1283 1624 1324 p.
1657 1270 1753 1325 172)

128 1348 335 1389 apparere
375 1333 480 1375 dicit
516 1333 788 1376 scribendum
831 1347 922 1375 esse
963 1333 1078 1383 ,dum
1120 1334 1200 1375 hac
1238 1334 1309 1376 via
1347 1334 1519 1377 redeam
1553 1336 1753 1380 domum‘.

127 1416 207 1458 ego
250 1410 424 1458 propter
470 1401 727 1456 exquisitam
772 1401 999 1445 verborum
1047 1402 1369 1444 collocationem
1415 1403 1594 1446 fidenter
1634 1405 1754 1446 Pala-

127 1471 238 1512 tinos
270 1470 417 1527 probo.

183 1540 290 1582 Men.
321 1538 403 1580 246
433 1537 490 1581 P:
522 1553 650 1594 quam
683 1538 800 1580 cordi
832 1538 886 1580 sit
915 1552 1039 1581 carus
1070 1554 1164 1581 meo

429 1608 489 1649 A:
522 1622 650 1662 quam
683 1621 806 1649 carus
839 1607 892 1649 sit
922 1607 1039 1649 cordi
1070 1622 1177 1660 meo,

125 1676 198 1718 ubi
230 1676 433 1726 editores,
474 1677 671 1731 quamvis
713 1691 842 1719 causa
880 1676 1074 1718 mutandi
1116 1685 1264 1732 aperta
1295 1678 1366 1727 sit,
1415 1677 1751 1720 Ambrosianum

126 1745 246 1800 sequi
303 1745 566 1801 maluerunt3
625 1752 815 1788 ceterum
872 1746 923 1790 cf.
974 1745 1102 1801 Epid.
1156 1745 1232 1788 133
1291 1745 1420 1801 ‚Quia
1471 1762 1564 1788 meo
1615 1762 1752 1804 neque

125 1822 266 1855 carast
296 1814 441 1856 cordi‘.

182 1884 305 1924 Mero.
337 1883 420 1924 303

239 1951 297 1993 P:
327 1951 472 1994 Hodie
504 1951 564 1993 ire
595 1951 637 1992 in
668 1951 817 1994 ludum
849 1951 995 2008 occepi
1026 1951 1278 1993 litterarium

239 2021 298 2062 A:
333 2019 477 2062 Hodie
510 2020 594 2062 eire
627 2020 773 2076 occepi
804 2020 847 2061 in
878 2019 1027 2063 ludum
1057 2019 1323 2070 litterarium,

127 2090 249 2131 cuius
282 2088 537 2144 scripturam
571 2088 775 2132 Goetzius
806 2088 979 2143 recepit.

188 2157 300 2199 Truc.
332 2156 415 2200 308

238 2225 297 2267 P:
331 2225 384 2267 Ni
418 2238 496 2281 ego
530 2231 673 2265 vostra
705 2238 776 2265 ero
808 2223 957 2265 maiori
988 2225 1101 2266 facta
1134 2224 1419 2267 denarravero

238 2294 302 2335 A:
335 2292 394 2334 Ni
426 2307 505 2349 ego
537 2307 608 2334 ero
639 2291 789 2334 maiori
820 2298 966 2333 vostra
997 2293 1110 2333 facta
1143 2292 1440 2336 denarravero.

127 2362 366 2405 Schoellius
398 2360 675 2403 Ambrosiani
706 2375 877 2403 versum
910 2359 1053 2404 edidit.

191 2431 312 2472 Stich«.
348 2430 427 2472 133
460 2431 512 2471 P:
544 2430 696 2472 Placet
726 2429 796 2471 ille
828 2444 947 2471 meus
978 2429 1084 2470 mihi
1114 2429 1335 2472 mendicus

446 2498 508 2541 A:
539 2497 688 2540 Placet
717 2497 789 2539 ille
820 2497 923 2539 mihi
954 2497 1074 2539 meus
1104 2497 1338 2541 mendicus.

183 2568 304 2609 Poen.
340 2566 448 2608 1228

237 2635 291 2677 P:
324 2634 453 2677 Nunc
498 2634 569 2691 pol
616 2649 696 2691 ego
741 2642 780 2676 te
824 2635 1008 2676 ulciscar
1052 2634 1205 2691 probe,
1251 2650 1351 2677 nam
1388 2635 1490 2677 faxo
1531 2649 1626 2676 mea
1671 2636 1751 2677 eris

1350 2717 1505 2758 sponsa

239 2769 302 2812 A:
332 2771 461 2814 Nunc
503 2771 583 2827 ego
621 2772 693 2826 pol
731 2778 772 2813 te
809 2771 993 2813 ulciscar
1038 2770 1188 2826 probe,
1241 2786 1339 2812 nam
1384 2771 1487 2811 faxo
1532 2770 1614 2811 eris
1659 2784 1753 2811 mea

1346 2853 1513 2895 sponsa.

128 2906 376 2962 Geppertus
398 2906 732 2948 Ambrosianum
765 2912 934 2949 secutus
966 2914 1041 2957 est,
1074 2905 1280 2949 Goetzius
1313 2921 1382 2961 eqo
1404 2907 1480 2963 pol
1498 2912 1538 2948 et
1560 2920 1648 2947 mea
1677 2907 1753 2946 eris

129 2974 259 3017 edens
293 2989 461 3019 versum
495 2974 604 3018 falso
636 2974 872 3031 composuit
902 2989 956 3019 ex
986 2975 1207 3032 utriusque
1239 2975 1496 3020 recensionis
1528 2974 1751 3030 scriptura.
