2020 3278
1045 150 1099 215 ⁴3⁷⁸

260 301 452 336 ,accurro
485 294 531 328 ut
554 286 733 327 sciscam
767 286 869 340 quid
896 287 1017 328 velit:
1049 295 1177 343 atque
1211 286 1325 327 illam
1356 287 1550 342 geminos
1573 301 1726 341 pueros
1758 300 1883 340 pepe-

258 355 362 395 risse
385 355 635 410 eonspicor‘.
669 354 823 411 quibus
847 356 1055 412 exemplis
1080 370 1176 396 cum
1200 363 1317 410 atque
1340 369 1410 409 eqo
1431 356 1630 410 conspicor
1660 354 1717 394 ita
1751 353 1883 394 vindi-

259 430 400 464 catum
434 423 497 476 sit,
532 431 578 464 ut
609 423 842 464 contradici
875 431 1072 477 nequeat,
1106 423 1159 465 ad
1194 438 1364 464 versum
1387 424 1469 464 260
1500 433 1779 472 transeamus,
1810 421 1883 465 ubi

260 491 301 532 in
326 492 368 532 A
401 499 518 547 atque
548 506 648 532 sane
682 498 898 533 servatum
932 501 1006 541 est,
1040 492 1081 533 in
1105 490 1382 546 sequentibus
1414 501 1556 532 autem
1587 490 1884 532 fraudulentus

267 569 478 602 corrector
527 559 655 601 verba
688 560 831 601 Plauti
864 562 1064 618 eorrupit.
1126 561 1199 601 scd
1238 575 1333 601 eum
1365 559 1552 601 Palatini
1583 559 1693 600 inter
1733 573 1776 600 se
1809 558 1889 600 dis-

265 629 460 681 sentiant,
495 628 598 682 quid
624 628 666 669 in
689 643 837 670 eorum
860 629 1093 685 archetypo
1118 629 1318 678 extiterit,
1351 628 1536 682 primum
1570 627 1883 684 explorandum

260 706 333 740 est.
395 704 521 751 atque
560 697 790 753 genuinam
822 697 1076 752 scripturam
1109 706 1303 753 apertum
1343 705 1406 738 est
1452 696 1582 738 fuisse
1622 697 1727 744 illic,-
1764 695 1808 737 in
1848 694 1887 737 B

260 766 372 806 illam
411 766 616 820 scriptum
656 776 736 815 est,
785 766 885 822 quia
925 766 997 822 qui
1046 767 1156 807 hune
1204 765 1394 806 codicem
1436 780 1511 820 per
1550 764 1663 805 hanc
1693 763 1887 806 fabulam

261 834 456 886 correxit,
492 834 607 875 illam
641 848 789 875 vocem
822 850 919 875 cum
952 836 1155 876 mulierem
1187 834 1409 875 concinere
1442 833 1596 883 voluit3
1638 847 1777 889 neque
1808 832 1889 874 hoc

260 909 423 942 tantum
458 901 548 943 loco
582 902 717 943 codex
751 910 871 943 vetus
910 903 1023 944 cedit
1055 903 1206 944 ceteris
1251 903 1440 944 eiusdem
1480 902 1739 943 recensionis
1779 901 1887 942 codi-

261 969 401 1020 cibus;
453 986 550 1011 nam
609 971 819 1012 immerito
870 971 951 1012 viri
1003 971 1116 1013 docti
1167 971 1360 1027 plerique
1413 970 1720 1025 neglexerunt,
1775 969 1890 1024 quod

261 1038 497 1080 Muellerus
529 1036 662 1094 (Po—03.
687 1039 752 1080 Pl.
786 1055 826 1095 p.
850 1040 932 1081 638
965 1041 1062 1081 add.
1095 1055 1135 1095 p.
1164 1040 1216 1081 75
1249 1047 1289 1080 et
1312 1039 1366 1080 29
1398 1040 1480 1095 sq.)
1512 1038 1732 1079 verissime
1765 1037 1888 1090 dixit,

262 1106 451 1148 codicem
482 1106 521 1148 B
554 1107 596 1147 in
627 1106 866 1149 Mercatore
905 1116 945 1148 et
976 1107 1113 1149 Milite
1144 1108 1330 1163 glorioso
1369 1108 1526 1150 fabulis
1566 1107 1608 1148 in
1642 1106 1890 1148 universum

262 1190 286 1216 a
319 1175 353 1218 C
385 1182 426 1217 et
448 1175 488 1216 D
521 1176 674 1217 virtute
708 1176 833 1217 vinci.
905 1184 1023 1232 atque
1055 1191 1123 1232 (290
1155 1177 1216 1217 illi
1246 1176 1326 1231 (sie
1358 1176 1469 1217 enim
1502 1175 1778 1217 scribendum
1809 1176 1892 1231 est)

261 1258 390 1298 quam
413 1258 496 1284 non
530 1244 618 1285 veri
644 1244 778 1285 simile
811 1244 862 1286 sit
885 1260 908 1285 a
929 1245 1211 1300 grammatico
1232 1245 1449 1286 invectum
1476 1259 1568 1285 esse
1589 1258 1666 1299 per
1687 1258 1731 1285 se
1754 1243 1893 1285 elucet

262 1318 304 1353 et
351 1326 477 1354 versu
521 1313 612 1353 Mil.
644 1313 744 1368 ylor.
785 1313 866 1355 288
913 1320 1162 1369 comparato
1208 1312 1321 1354 omni
1367 1311 1630 1353 dubitatione
1678 1311 1892 1354 eximitur.

265 1380 325 1421 eis
357 1388 511 1434 autem,
547 1396 655 1435 quae
688 1381 730 1422 in
763 1381 806 1421 A
839 1388 987 1422 extant
1018 1382 1075 1422 ibi
1105 1397 1173 1437 eqo
1203 1388 1389 1422 veterem
1421 1380 1751 1435 grammaticum
1781 1394 1893 1421 men-

263 1464 407 1491 suram
455 1458 650 1504 posterae
689 1450 818 1490 aetati
850 1450 1062 1491 insolitam
1099 1451 1169 1505 e'sso
1206 1450 1272 1490 {lli
1307 1448 1528 1490 sustulisse
1565 1448 1785 1490 sciendum
1818 1457 1893 1490 est.

263 1518 314 1559 de
363 1518 558 1560 versibus
598 1518 693 1562 256.
733 1518 816 1559 260
856 1518 972 1574 apud
1012 1518 1321 1574 Niemeyerum
1368 1517 1532 1560 nullum
1580 1516 1772 1560 verbum.
1841 1516 1893 1558 de

263 1586 346 1628 259
376 1588 428 1630 cf.
461 1602 502 1642 p.
534 1587 602 1629 36.

379 1657 501 1697 Poen.
535 1656 616 1697 746

321 1723 380 1765 P:
411 1724 686 1779 Suspendant
718 1739 863 1766 omnes
897 1724 1142 1765 nunciam
1176 1738 1228 1764 se
1259 1722 1508 1779 haruspices

319 1793 381 1834 A:
415 1793 690 1848 Suspendant
723 1807 868 1834 omnes
900 1808 926 1833 11
940 1792 1146 1834 unciam
1178 1806 1291 1833 sese
1322 1790 1585 1846 haruspices.

378 1861 428 1902 [n
477 1861 704 1917 propatulo
751 1869 834 1911 est,
891 1869 1109 1903 auctorem
1163 1859 1419 1901 recensionis
1468 1861 1654 1900 nunciam
1698 1857 1752 1899 ad
1800 1872 1895 1900 con-

264 1930 532 1973 suetudinem
566 1930 812 1972 recentioris
851 1929 1002 1971 aetatis
1041 1944 1118 1984 pro
1152 1927 1364 1983 disyllabo
1405 1927 1646 1984 (nemo-iam)
1691 1925 1891 1969 habuisse

266 2008 307 2042 et
355 2008 527 2057 propter
573 2007 755 2041 metrum
800 2014 838 2039 se
884 1997 1139 2052 duplicasse.
1226 1997 1470 2038 conferatur
1517 1996 1606 2037 Mil.
1651 1995 1751 2051 qlor.
1799 1993 1895 2045 263,

267 2069 340 2111 ubi
372 2069 634 2110 Ritschelius
668 2067 855 2123 scripsit:

538 2135 868 2193 Participaverit
902 2135 953 2176 de
984 2133 1122 2175 amica
1154 2133 1259 2183 erili,
1293 2148 1337 2175 se
1359 2132 1518 2174 vidisse
1551 2146 1645 2173 eam

267 2206 463 2248 codicum
487 2205 669 2261 vestigia
693 2213 804 2246 recte
827 2211 1018 2253 secutus3
1042 2204 1140 2243 esius
1162 2218 1180 2243 e
1202 2211 1242 2243 et
1264 2201 1413 2244 eadem
1442 2216 1572 2244 manu
1594 2200 1745 2256 erifflse
1768 2199 1820 2250 B,
1843 2201 1902 2242 eri

266 2277 336 2331 qai
364 2274 456 2328 OD,
490 2277 548 2316 eri
575 2289 653 2316 sese
684 2272 726 2315 A
759 2289 811 2315 ex
843 2272 1101 2314 recensione.

387 2343 493 2384 Ibat
526 2343 579 2384 88

327 2411 384 2453 P:
416 2411 502 2454 Sed
533 2411 641 2453 istuc
673 2410 817 2465 negoti
850 2409 986 2451 scire
1019 2406 1173 2463 cupio
1206 2405 1469 2463 quidquid
1501 2412 1580 2446 est

325 2480 388 2522 A:
845 2478 998 2533 cupio
1031 2475 1167 2518 scire
1199 2474 1325 2529 quid
1357 2474 1468 2516 siet.

270 2549 553 2604 Niemeyerus
586 2563 626 2603 p.
654 2548 702 2588 2:
740 2547 861 2601 ‚Quis
894 2545 1067 2587 tandem
1090 2544 1142 2585 de
1174 2543 1254 2584 hac
1279 2542 1526 2584 diversitate
1557 2542 1722 2583 fortiter
1746 2539 1897 2583 diiudi-

269 2632 365 2659 care
397 2615 569 2658 audebit
583 2618 618 2659 ‘?‘
658 2624 701 2656 at
732 2622 827 2671 post
855 2613 1032 2656 Luchsii
1065 2612 1334 2669 quaestiones
1366 2610 1563 2652 metricas
1594 2607 1898 2665 (Studemundi

269 2686 374 2727 stud.
412 2685 455 2740 I)
492 2699 617 2726 nemo
649 2684 733 2725 iam
765 2682 998 2731 dubitabit,
1039 2681 1141 2736 quin
1173 2681 1213 2722 in
1247 2695 1295 2721 eo
1328 2688 1440 2721 certe
1471 2678 1761 2720 Ambrosiano
1792 2676 1898 2719 fides

270 2753 520 2810 abroganda
558 2753 632 2803 sit,
672 2752 786 2807 quod
825 2753 938 2807 cupio
975 2752 1071 2791 scire
1103 2749 1245 2791 habet.
1306 2763 1414 2803 quae
1457 2748 1570 2790 enini
1600 2745 1898 2788 excusationes

272 2822 414 2865 iambo
445 2823 488 2864 in
522 2823 669 2877 quinto
707 2821 815 2876 pede
859 2819 1015 2862 senarii
1047 2818 1184 2874 posito
1216 2831 1442 2859 concessae
1481 2823 1599 2866 sunt,
1640 2830 1786 2856 earum
1818 2813 1898 2855 sub

273 2892 435 2933 nullam
467 2890 581 2932 cadit
611 2892 706 2932 scir?
741 2890 838 2945 ‘fuld
867 2890 949 2929 siet.
1004 2887 1109 2928 bene
1142 2901 1241 2930 vero
1273 2884 1461 2926 Palatini
1492 2883 1730 2940 spondeum
1762 2880 1898 2938 quinti

273 2959 394 3016 pedis
426 2966 611 3002 servant.
687 2972 766 2999 nec
805 2958 856 2998 de
896 2971 944 2998 ea
983 2955 1242 3008 differentia,
1283 2968 1392 3011 quae
1430 2953 1472 2994 in
1512 2951 1717 3008 proximis
1756 2948 1897 2992 verbis
