<?xml version="1.0" encoding="UTF-8"?>
<!DOCTYPE html PUBLIC "-//W3C//DTD XHTML 1.0 Transitional//EN"
    "http://www.w3.org/TR/xhtml1/DTD/xhtml1-transitional.dtd">
<html xmlns="http://www.w3.org/1999/xhtml" xml:lang="en" lang="en">
 <head>
  <title>
</title>
<meta http-equiv="Content-Type" content="text/html;charset=utf-8" />
  <meta name='ocr-system' content='tesseract 3.04.00' />
  <meta name='ocr-capabilities' content='ocr_page ocr_carea ocr_par ocr_line ocrx_word'/>
</head>
<body>
  <div class='ocr_page' id='page_1' title='image "./deplautifabularu00baieuoft_0141.png"; bbox 0 0 2020 3278; ppageno 0'>
   <div class='ocr_carea' id='block_1_1' title="bbox 770 187 907 251">
    <p class='ocr_par' dir='ltr' id='par_1_1' title="bbox 770 187 907 251">
     <span class='ocr_line' id='line_1_1' title="bbox 770 187 907 251; baseline 0.007 -24"><span class='ocrx_word' id='word_1_1' title='bbox 770 248 803 251; x_wconf 67' lang='lat'>-</span> <span class='ocrx_word' id='word_1_2' title='bbox 828 187 907 228; x_wconf 75' lang='lat'>129</span> 
     </span>
    </p>
   </div>
   <div class='ocr_carea' id='block_1_2' title="bbox 804 247 998 251">
    <p class='ocr_par' dir='ltr' id='par_1_2' title="bbox 804 247 998 251">
     <span class='ocr_line' id='line_1_2' title="bbox 804 247 998 251; baseline 0 0"><span class='ocrx_word' id='word_1_3' title='bbox 804 247 998 251; x_wconf 95' lang='lat' dir='ltr'> </span> 
     </span>
    </p>
   </div>
   <div class='ocr_carea' id='block_1_3' title="bbox 47 321 1682 3041">
    <p class='ocr_par' dir='ltr' id='par_1_3' title="bbox 48 321 1682 1334">
     <span class='ocr_line' id='line_1_3' title="bbox 54 321 1679 381; baseline 0.002 -18"><span class='ocrx_word' id='word_1_4' title='bbox 54 336 137 376; x_wconf 85' lang='lat' dir='ltr'>qua</span> <span class='ocrx_word' id='word_1_5' title='bbox 163 336 228 363; x_wconf 92' lang='lat' dir='ltr'>me</span> <span class='ocrx_word' id='word_1_6' title='bbox 251 322 422 379; x_wconf 90' lang='lat' dir='ltr'>quidem</span> <span class='ocrx_word' id='word_1_7' title='bbox 446 321 641 364; x_wconf 86' lang='lat' dir='ltr'>dubitare</span> <span class='ocrx_word' id='word_1_8' title='bbox 668 339 749 364; x_wconf 90' lang='lat' dir='ltr'>non</span> <span class='ocrx_word' id='word_1_9' title='bbox 773 323 907 373; x_wconf 89' lang='lat' dir='ltr'>decet,</span> <span class='ocrx_word' id='word_1_10' title='bbox 931 324 1002 364; x_wconf 83' lang='lat' dir='ltr'>vix</span> <span class='ocrx_word' id='word_1_11' title='bbox 1027 324 1258 380; x_wconf 88' lang='lat' dir='ltr'>quicquam</span> <span class='ocrx_word' id='word_1_12' title='bbox 1291 323 1534 379; x_wconf 80' lang='lat' dir='ltr'><strong>abrogetur.</strong></span> <span class='ocrx_word' id='word_1_13' title='bbox 1569 339 1679 381; x_wconf 88' lang='lat' dir='ltr'>quae</span> 
     </span>
     <span class='ocr_line' id='line_1_4' title="bbox 55 391 1678 447; baseline 0.001 -16"><span class='ocrx_word' id='word_1_14' title='bbox 55 405 153 432; x_wconf 89' lang='lat' dir='ltr'>vero</span> <span class='ocrx_word' id='word_1_15' title='bbox 194 400 412 446; x_wconf 84' lang='lat' dir='ltr'>praeterea</span> <span class='ocrx_word' id='word_1_16' title='bbox 452 391 647 432; x_wconf 83' lang='lat' dir='ltr'>lectionis</span> <span class='ocrx_word' id='word_1_17' title='bbox 687 394 889 446; x_wconf 70' lang='lat' dir='ltr'>oryiomm</span> <span class='ocrx_word' id='word_1_18' title='bbox 932 391 1171 431; x_wconf 84' lang='lat' dir='ltr'>reiciendae</span> <span class='ocrx_word' id='word_1_19' title='bbox 1204 400 1457 447; x_wconf 82' lang='lat' dir='ltr'>argumenta</span> <span class='ocrx_word' id='word_1_20' title='bbox 1489 393 1678 446; x_wconf 89' lang='lat' dir='ltr'>protulit,</span> 
     </span>
     <span class='ocr_line' id='line_1_5' title="bbox 53 459 1682 508; baseline 0 -8"><span class='ocrx_word' id='word_1_21' title='bbox 53 460 111 500; x_wconf 91' lang='lat' dir='ltr'>eis</span> <span class='ocrx_word' id='word_1_22' title='bbox 151 460 210 500; x_wconf 86' lang='lat' dir='ltr'>ita</span> <span class='ocrx_word' id='word_1_23' title='bbox 251 466 363 508; x_wconf 87' lang='lat' dir='ltr'>utor,</span> <span class='ocrx_word' id='word_1_24' title='bbox 403 467 449 500; x_wconf 88' lang='lat' dir='ltr'>ut</span> <span class='ocrx_word' id='word_1_25' title='bbox 488 459 687 501; x_wconf 85' lang='lat' dir='ltr'>Loewius</span> <span class='ocrx_word' id='word_1_26' title='bbox 727 460 787 502; x_wconf 89' lang='lat' dir='ltr'>uti</span> <span class='ocrx_word' id='word_1_27' title='bbox 826 460 992 508; x_wconf 84' lang='lat' dir='ltr'>debuit,</span> <span class='ocrx_word' id='word_1_28' title='bbox 1033 460 1235 500; x_wconf 86' lang='lat' dir='ltr'>nimirum</span> <span class='ocrx_word' id='word_1_29' title='bbox 1277 467 1323 501; x_wconf 88' lang='lat' dir='ltr'>ut</span> <span class='ocrx_word' id='word_1_30' title='bbox 1356 474 1524 501; x_wconf 86' lang='lat' dir='ltr'>versum</span> <span class='ocrx_word' id='word_1_31' title='bbox 1556 460 1682 501; x_wconf 85' lang='lat' dir='ltr'>inter-</span> 
     </span>
     <span class='ocr_line' id='line_1_6' title="bbox 57 527 1681 583; baseline 0.001 -16"><span class='ocrx_word' id='word_1_32' title='bbox 57 527 247 583; x_wconf 86' lang='lat' dir='ltr'>polatum</span> <span class='ocrx_word' id='word_1_33' title='bbox 271 542 361 568; x_wconf 87' lang='lat' dir='ltr'>esse</span> <span class='ocrx_word' id='word_1_34' title='bbox 385 527 482 568; x_wconf 85' lang='lat' dir='ltr'>inde</span> <span class='ocrx_word' id='word_1_35' title='bbox 516 528 790 575; x_wconf 80' lang='lat' dir='ltr'>concludam;</span> <span class='ocrx_word' id='word_1_36' title='bbox 823 528 882 568; x_wconf 89' lang='lat' dir='ltr'>sic</span> <span class='ocrx_word' id='word_1_37' title='bbox 915 536 1055 569; x_wconf 88' lang='lat' dir='ltr'>autem</span> <span class='ocrx_word' id='word_1_38' title='bbox 1088 527 1286 569; x_wconf 83' lang='lat' dir='ltr'>Loewius</span> <span class='ocrx_word' id='word_1_39' title='bbox 1320 528 1528 582; x_wconf 83' lang='lat' dir='ltr'>disputat:</span> <span class='ocrx_word' id='word_1_40' title='bbox 1562 528 1681 578; x_wconf 85' lang='lat' dir='ltr'>‚illud</span> 
     </span>
     <span class='ocr_line' id='line_1_7' title="bbox 53 594 1681 651; baseline 0.001 -15"><span class='ocrx_word' id='word_1_41' title='bbox 53 609 137 636; x_wconf 89' lang='lat' dir='ltr'>non</span> <span class='ocrx_word' id='word_1_42' title='bbox 176 594 281 636; x_wconf 84' lang='lat' dir='ltr'>levis</span> <span class='ocrx_word' id='word_1_43' title='bbox 324 595 525 636; x_wconf 84' lang='lat' dir='ltr'>momenti</span> <span class='ocrx_word' id='word_1_44' title='bbox 566 605 647 647; x_wconf 87' lang='lat' dir='ltr'>est,</span> <span class='ocrx_word' id='word_1_45' title='bbox 689 595 801 651; x_wconf 88' lang='lat' dir='ltr'>quod</span> <span class='ocrx_word' id='word_1_46' title='bbox 842 595 952 636; x_wconf 84' lang='lat' dir='ltr'>inter</span> <span class='ocrx_word' id='word_1_47' title='bbox 992 610 1140 637; x_wconf 76' lang='lat' dir='ltr'>versus</span> <span class='ocrx_word' id='word_1_48' title='bbox 1179 598 1319 636; x_wconf 69' lang='lat' dir='ltr'>teneris</span> <span class='ocrx_word' id='word_1_49' title='bbox 1356 596 1509 637; x_wconf 68' lang='lat' dir='ltr'>labellis</span> <span class='ocrx_word' id='word_1_50' title='bbox 1547 597 1681 638; x_wconf 79' lang='lat' dir='ltr'>molles</span> 
     </span>
     <span class='ocr_line' id='line_1_8' title="bbox 54 663 1679 720; baseline 0.001 -16"><span class='ocrx_word' id='word_1_51' title='bbox 54 663 342 704; x_wconf 75' lang='lat' dir='ltr'>morsiunculae</span> <span class='ocrx_word' id='word_1_52' title='bbox 373 672 413 704; x_wconf 84' lang='lat' dir='ltr'>et</span> <span class='ocrx_word' id='word_1_53' title='bbox 438 664 692 719; x_wconf 75' lang='lat' dir='ltr'><em>papillarum</em></span> <span class='ocrx_word' id='word_1_54' title='bbox 723 664 1024 704; x_wconf 69' lang='lat' dir='ltr'>horridulmwn</span> <span class='ocrx_word' id='word_1_55' title='bbox 1057 665 1399 720; x_wconf 65' lang='lat' dir='ltr'>oppressc&#39;unculae</span> <span class='ocrx_word' id='word_1_56' title='bbox 1430 671 1516 705; x_wconf 87' lang='lat' dir='ltr'>tam</span> <span class='ocrx_word' id='word_1_57' title='bbox 1550 680 1679 719; x_wconf 87' lang='lat' dir='ltr'>quam</span> 
     </span>
     <span class='ocr_line' id='line_1_9' title="bbox 56 731 1680 787; baseline 0.001 -15"><span class='ocrx_word' id='word_1_58' title='bbox 56 738 194 786; x_wconf 86' lang='lat' dir='ltr'>potest</span> <span class='ocrx_word' id='word_1_59' title='bbox 212 731 433 787; x_wconf 83' lang='lat' dir='ltr'>speciatim</span> <span class='ocrx_word' id='word_1_60' title='bbox 453 731 640 786; x_wconf 85' lang='lat' dir='ltr'>prolatos</span> <span class='ocrx_word' id='word_1_61' title='bbox 673 746 753 771; x_wconf 88' lang='lat' dir='ltr'>non</span> <span class='ocrx_word' id='word_1_62' title='bbox 774 740 1053 787; x_wconf 79' lang='lat' dir='ltr'>expectamus</span> <span class='ocrx_word' id='word_1_63' title='bbox 1086 731 1269 785; x_wconf 85' lang='lat' dir='ltr'>generis,</span> <span class='ocrx_word' id='word_1_64' title='bbox 1304 734 1535 786; x_wconf 88' lang='lat' dir='ltr'>orgiorum‚</span> <span class='ocrx_word' id='word_1_65' title='bbox 1568 746 1680 773; x_wconf 87' lang='lat' dir='ltr'>men-</span> 
     </span>
     <span class='ocr_line' id='line_1_10' title="bbox 50 799 1679 855; baseline 0.001 -15"><span class='ocrx_word' id='word_1_66' title='bbox 50 800 209 840; x_wconf 86' lang='lat' dir='ltr'>tionem</span> <span class='ocrx_word' id='word_1_67' title='bbox 248 799 459 843; x_wconf 87' lang='lat' dir='ltr'>iniectam.</span> <span class='ocrx_word' id='word_1_68' title='bbox 527 801 691 841; x_wconf 87' lang='lat' dir='ltr'>accedit</span> <span class='ocrx_word' id='word_1_69' title='bbox 738 799 852 854; x_wconf 86' lang='lat' dir='ltr'>quod</span> <span class='ocrx_word' id='word_1_70' title='bbox 889 802 1003 855; x_wconf 68' lang='lat' dir='ltr'>oryz&#39;a</span> <span class='ocrx_word' id='word_1_71' title='bbox 1043 799 1298 840; x_wconf 85' lang='lat' dir='ltr'>vocabulum</span> <span class='ocrx_word' id='word_1_72' title='bbox 1332 808 1429 842; x_wconf 89' lang='lat' dir='ltr'>ante</span> <span class='ocrx_word' id='word_1_73' title='bbox 1462 799 1679 842; x_wconf 87' lang='lat' dir='ltr'>Catullum</span> 
     </span>
     <span class='ocr_line' id='line_1_11' title="bbox 52 867 1678 923; baseline 0.001 -15"><span class='ocrx_word' id='word_1_74' title='bbox 52 867 166 923; x_wconf 90' lang='lat' dir='ltr'>apud</span> <span class='ocrx_word' id='word_1_75' title='bbox 189 867 418 922; x_wconf 80' lang='lat' dir='ltr'>scriptores</span> <span class='ocrx_word' id='word_1_76' title='bbox 442 867 661 909; x_wconf 83' lang='lat' dir='ltr'>Romanos</span> <span class='ocrx_word' id='word_1_77' title='bbox 686 884 768 908; x_wconf 86' lang='lat' dir='ltr'>non</span> <span class='ocrx_word' id='word_1_78' title='bbox 792 875 1036 923; x_wconf 84' lang='lat' dir='ltr'>comparet‘.</span> <span class='ocrx_word' id='word_1_79' title='bbox 1098 869 1241 922; x_wconf 85' lang='lat' dir='ltr'>itaque</span> <span class='ocrx_word' id='word_1_80' title='bbox 1275 869 1378 923; x_wconf 89' lang='lat' dir='ltr'>quid</span> <span class='ocrx_word' id='word_1_81' title='bbox 1411 869 1678 910; x_wconf 82' lang='lat' dir='ltr'>manifestius</span> 
     </span>
     <span class='ocr_line' id='line_1_12' title="bbox 50 936 1679 993; baseline 0 -15"><span class='ocrx_word' id='word_1_82' title='bbox 50 944 113 978; x_wconf 87' lang='lat' dir='ltr'>est</span> <span class='ocrx_word' id='word_1_83' title='bbox 150 951 279 991; x_wconf 86' lang='lat' dir='ltr'>quam</span> <span class='ocrx_word' id='word_1_84' title='bbox 320 936 363 977; x_wconf 91' lang='lat' dir='ltr'>in</span> <span class='ocrx_word' id='word_1_85' title='bbox 396 936 438 978; x_wconf 88' lang='lat' dir='ltr'><strong>A</strong></span> <span class='ocrx_word' id='word_1_86' title='bbox 472 936 733 992; x_wconf 81' lang='lat' dir='ltr'>deprehendi</span> <span class='ocrx_word' id='word_1_87' title='bbox 773 936 1116 978; x_wconf 87' lang='lat' dir='ltr'>additamentum</span> <span class='ocrx_word' id='word_1_88' title='bbox 1158 938 1269 978; x_wconf 89' lang='lat' dir='ltr'>docti</span> <span class='ocrx_word' id='word_1_89' title='bbox 1309 937 1383 978; x_wconf 91' lang='lat' dir='ltr'>sed</span> <span class='ocrx_word' id='word_1_90' title='bbox 1423 938 1588 993; x_wconf 85' lang='lat' dir='ltr'>poetico</span> <span class='ocrx_word' id='word_1_91' title='bbox 1621 940 1679 979; x_wconf 91' lang='lat' dir='ltr'>in-</span> 
     </span>
     <span class='ocr_line' id='line_1_13' title="bbox 50 1004 1680 1061; baseline 0.001 -15"><span class='ocrx_word' id='word_1_92' title='bbox 50 1005 178 1061; x_wconf 85' lang='lat' dir='ltr'>genio</span> <span class='ocrx_word' id='word_1_93' title='bbox 200 1005 316 1046; x_wconf 88' lang='lat' dir='ltr'>haud</span> <span class='ocrx_word' id='word_1_94' title='bbox 339 1019 440 1046; x_wconf 87' lang='lat' dir='ltr'>sane</span> <span class='ocrx_word' id='word_1_95' title='bbox 466 1005 647 1061; x_wconf 85' lang='lat' dir='ltr'>praediti</span> <span class='ocrx_word' id='word_1_96' title='bbox 678 1005 981 1061; x_wconf 76' lang='lat' dir='ltr'>grammatici?</span> <span class='ocrx_word' id='word_1_97' title='bbox 1012 1021 1138 1059; x_wconf 89' lang='lat' dir='ltr'>quem</span> <span class='ocrx_word' id='word_1_98' title='bbox 1171 1004 1330 1047; x_wconf 85' lang='lat' dir='ltr'>Catulli</span> <span class='ocrx_word' id='word_1_99' title='bbox 1362 1007 1465 1047; x_wconf 88' lang='lat' dir='ltr'>satis</span> <span class='ocrx_word' id='word_1_100' title='bbox 1497 1022 1680 1061; x_wconf 87' lang='lat' dir='ltr'>gnarum</span> 
     </span>
     <span class='ocr_line' id='line_1_14' title="bbox 48 1073 1674 1130; baseline 0.001 -16"><span class='ocrx_word' id='word_1_101' title='bbox 48 1073 179 1116; x_wconf 85' lang='lat' dir='ltr'>fuisse</span> <span class='ocrx_word' id='word_1_102' title='bbox 212 1074 339 1115; x_wconf 79' lang='lat' dir='ltr'>etiam</span> <span class='ocrx_word' id='word_1_103' title='bbox 372 1074 509 1130; x_wconf 83' lang='lat' dir='ltr'>magis</span> <span class='ocrx_word' id='word_1_104' title='bbox 542 1081 781 1130; x_wconf 81' lang='lat' dir='ltr'>appareret,</span> <span class='ocrx_word' id='word_1_105' title='bbox 815 1074 849 1114; x_wconf 90' lang='lat' dir='ltr'>si</span> <span class='ocrx_word' id='word_1_106' title='bbox 881 1074 923 1114; x_wconf 90' lang='lat' dir='ltr'>in</span> <span class='ocrx_word' id='word_1_107' title='bbox 955 1073 1038 1115; x_wconf 88' lang='lat' dir='ltr'>fine</span> <span class='ocrx_word' id='word_1_108' title='bbox 1079 1089 1225 1114; x_wconf 87' lang='lat' dir='ltr'>versus</span> <span class='ocrx_word' id='word_1_109' title='bbox 1265 1089 1308 1114; x_wconf 93' lang='lat' dir='ltr'>re</span> <span class='ocrx_word' id='word_1_110' title='bbox 1351 1089 1452 1116; x_wconf 87' lang='lat' dir='ltr'>vera</span> <span class='ocrx_word' id='word_1_111' title='bbox 1486 1075 1674 1116; x_wconf 79' lang='lat' dir='ltr'>extiterit</span> 
     </span>
     <span class='ocr_line' id='line_1_15' title="bbox 49 1141 1680 1199; baseline 0 -16"><span class='ocrx_word' id='word_1_112' title='bbox 49 1142 400 1190; x_wconf 74' lang='lat' dir='ltr'>osculatiuneulae,</span> <span class='ocrx_word' id='word_1_113' title='bbox 440 1143 554 1198; x_wconf 90' lang='lat' dir='ltr'>quod</span> <span class='ocrx_word' id='word_1_114' title='bbox 594 1143 648 1183; x_wconf 88' lang='lat' dir='ltr'>ad</span> <span class='ocrx_word' id='word_1_115' title='bbox 691 1142 832 1184; x_wconf 89' lang='lat' dir='ltr'>ultimi</span> <span class='ocrx_word' id='word_1_116' title='bbox 870 1141 1068 1183; x_wconf 89' lang='lat' dir='ltr'>vocabuli</span> <span class='ocrx_word' id='word_1_117' title='bbox 1100 1142 1302 1196; x_wconf 86' lang='lat' dir='ltr'>reliquias</span> <span class='ocrx_word' id='word_1_118' title='bbox 1336 1142 1442 1184; x_wconf 88' lang='lat' dir='ltr'>bene</span> <span class='ocrx_word' id='word_1_119' title='bbox 1474 1143 1680 1199; x_wconf 82' lang='lat' dir='ltr'>(dixerim</span> 
     </span>
     <span class='ocr_line' id='line_1_16' title="bbox 49 1209 1680 1266; baseline 0.001 -14"><span class='ocrx_word' id='word_1_120' title='bbox 49 1209 248 1266; x_wconf 87' lang='lat' dir='ltr'>equidem</span> <span class='ocrx_word' id='word_1_121' title='bbox 280 1210 455 1265; x_wconf 83' lang='lat' dir='ltr'>unice)</span> <span class='ocrx_word' id='word_1_122' title='bbox 497 1210 709 1264; x_wconf 85' lang='lat' dir='ltr'>quadrare</span> <span class='ocrx_word' id='word_1_123' title='bbox 749 1209 949 1251; x_wconf 88' lang='lat' dir='ltr'>Loewius</span> <span class='ocrx_word' id='word_1_124' title='bbox 982 1209 1109 1263; x_wconf 77' lang='lat' dir='ltr'>dixit3</span> <span class='ocrx_word' id='word_1_125' title='bbox 1157 1225 1255 1251; x_wconf 88' lang='lat' dir='ltr'>nam</span> <span class='ocrx_word' id='word_1_126' title='bbox 1288 1210 1477 1251; x_wconf 74' lang='lat' dir='ltr'>osculatio</span> <span class='ocrx_word' id='word_1_127' title='bbox 1509 1225 1680 1265; x_wconf 87' lang='lat' dir='ltr'>quoque</span> 
     </span>
     <span class='ocr_line' id='line_1_17' title="bbox 48 1278 1030 1334; baseline -0.001 -14"><span class='ocrx_word' id='word_1_128' title='bbox 48 1278 165 1320; x_wconf 88' lang='lat' dir='ltr'>vocis</span> <span class='ocrx_word' id='word_1_129' title='bbox 198 1278 361 1334; x_wconf 86' lang='lat' dir='ltr'>primus</span> <span class='ocrx_word' id='word_1_130' title='bbox 394 1287 541 1320; x_wconf 87' lang='lat' dir='ltr'>auctor</span> <span class='ocrx_word' id='word_1_131' title='bbox 572 1285 635 1320; x_wconf 89' lang='lat' dir='ltr'>est</span> <span class='ocrx_word' id='word_1_132' title='bbox 666 1278 860 1321; x_wconf 80' lang='lat' dir='ltr'>Catullus</span> <span class='ocrx_word' id='word_1_133' title='bbox 892 1278 960 1328; x_wconf 80' lang='lat'>48,</span> <span class='ocrx_word' id='word_1_134' title='bbox 992 1278 1030 1319; x_wconf 75' lang='grc' dir='ltr'>ἶ).</span> 
     </span>
    </p>

    <p class='ocr_par' dir='ltr' id='par_1_4' title="bbox 48 1346 1682 1458">
     <span class='ocr_line' id='line_1_18' title="bbox 163 1346 1682 1402; baseline 0 -14"><span class='ocrx_word' id='word_1_135' title='bbox 163 1348 280 1389; x_wconf 76' lang='lat' dir='ltr'>Most.</span> <span class='ocrx_word' id='word_1_136' title='bbox 313 1347 410 1389; x_wconf 88' lang='lat' dir='ltr'>inde</span> <span class='ocrx_word' id='word_1_137' title='bbox 443 1363 467 1388; x_wconf 85' lang='lat' dir='ltr'>a</span> <span class='ocrx_word' id='word_1_138' title='bbox 500 1347 580 1390; x_wconf 80' lang='lat'>971</span> <span class='ocrx_word' id='word_1_139' title='bbox 621 1347 863 1389; x_wconf 88' lang='lat' dir='ltr'>Phaniscus</span> <span class='ocrx_word' id='word_1_140' title='bbox 902 1346 1216 1401; x_wconf 86' lang='lat' dir='ltr'>Theopropidi‚</span> <span class='ocrx_word' id='word_1_141' title='bbox 1259 1362 1387 1402; x_wconf 90' lang='lat' dir='ltr'>quem</span> <span class='ocrx_word' id='word_1_142' title='bbox 1427 1361 1513 1388; x_wconf 88' lang='lat' dir='ltr'>non</span> <span class='ocrx_word' id='word_1_143' title='bbox 1549 1348 1682 1398; x_wconf 89' lang='lat' dir='ltr'>novit,</span> 
     </span>
     <span class='ocr_line' id='line_1_19' title="bbox 48 1416 466 1458; baseline 0 -2"><span class='ocrx_word' id='word_1_144' title='bbox 48 1416 122 1457; x_wconf 87' lang='lat' dir='ltr'>filii</span> <span class='ocrx_word' id='word_1_145' title='bbox 154 1417 270 1458; x_wconf 84' lang='lat' dir='ltr'>facta</span> <span class='ocrx_word' id='word_1_146' title='bbox 301 1422 466 1457; x_wconf 86' lang='lat' dir='ltr'>narrat:</span> 
     </span>
    </p>

    <p class='ocr_par' dir='ltr' id='par_1_5' title="bbox 161 1482 1517 1540">
     <span class='ocr_line' id='line_1_20' title="bbox 161 1482 1517 1540; baseline -0.001 -15"><span class='ocrx_word' id='word_1_147' title='bbox 161 1482 244 1538; x_wconf 82' lang='lat' dir='ltr'>Qui</span> <span class='ocrx_word' id='word_1_148' title='bbox 276 1490 504 1540; x_wconf 85' lang='lat' dir='ltr'>postquam</span> <span class='ocrx_word' id='word_1_149' title='bbox 536 1492 657 1539; x_wconf 89' lang='lat' dir='ltr'>pater</span> <span class='ocrx_word' id='word_1_150' title='bbox 689 1484 743 1524; x_wconf 89' lang='lat' dir='ltr'>ad</span> <span class='ocrx_word' id='word_1_151' title='bbox 775 1490 1011 1525; x_wconf 88' lang='lat' dir='ltr'>mercatum</span> <span class='ocrx_word' id='word_1_152' title='bbox 1042 1483 1168 1533; x_wconf 85' lang='lat' dir='ltr'>abiit,</span> <span class='ocrx_word' id='word_1_153' title='bbox 1203 1483 1271 1524; x_wconf 89' lang='lat' dir='ltr'>hic</span> <span class='ocrx_word' id='word_1_154' title='bbox 1298 1482 1517 1524; x_wconf 83' lang='lat' dir='ltr'>tibicinam</span> 
     </span>
    </p>

    <p class='ocr_par' dir='ltr' id='par_1_6' title="bbox 47 1551 1678 1745">
     <span class='ocr_line' id='line_1_21' title="bbox 160 1551 394 1594; baseline -0.009 0"><span class='ocrx_word' id='word_1_155' title='bbox 160 1551 394 1594; x_wconf 86' lang='lat' dir='ltr'>Liberavit.</span> 
     </span>
     <span class='ocr_line' id='line_1_22' title="bbox 48 1619 1678 1676; baseline -0.001 -14"><span class='ocrx_word' id='word_1_156' title='bbox 48 1635 132 1675; x_wconf 88' lang='lat' dir='ltr'>quo</span> <span class='ocrx_word' id='word_1_157' title='bbox 175 1620 494 1676; x_wconf 84' lang='lat' dir='ltr'>obstupefactus</span> <span class='ocrx_word' id='word_1_158' title='bbox 532 1619 857 1675; x_wconf 83' lang='lat' dir='ltr'>Theopropides</span> <span class='ocrx_word' id='word_1_159' title='bbox 894 1620 1156 1661; x_wconf 86' lang='lat' dir='ltr'>Phaniscum</span> <span class='ocrx_word' id='word_1_160' title='bbox 1197 1628 1236 1661; x_wconf 90' lang='lat' dir='ltr'>et</span> <span class='ocrx_word' id='word_1_161' title='bbox 1275 1619 1584 1661; x_wconf 85' lang='lat' dir='ltr'>advorsitorem</span> <span class='ocrx_word' id='word_1_162' title='bbox 1617 1620 1678 1662; x_wconf 93' lang='lat' dir='ltr'>sic</span> 
     </span>
     <span class='ocr_line' id='line_1_23' title="bbox 47 1688 511 1745; baseline 0 -16"><span class='ocrx_word' id='word_1_163' title='bbox 47 1689 319 1745; x_wconf 85' lang='lat' dir='ltr'>interpellare</span> <span class='ocrx_word' id='word_1_164' title='bbox 351 1688 511 1744; x_wconf 85' lang='lat' dir='ltr'>pergit:</span> 
     </span>
    </p>

    <p class='ocr_par' dir='ltr' id='par_1_7' title="bbox 395 1756 1681 1813">
     <span class='ocr_line' id='line_1_24' title="bbox 395 1756 1681 1813; baseline 0.001 -15"><span class='ocrx_word' id='word_1_165' title='bbox 395 1756 725 1798; x_wconf 85' lang='lat' dir='ltr'>Philolachesne</span> <span class='ocrx_word' id='word_1_166' title='bbox 758 1759 890 1813; x_wconf 77' lang='lat' dir='ltr'>ergo?</span> <span class='ocrx_word' id='word_1_167' title='bbox 921 1756 1018 1797; x_wconf 83' lang='lat' dir='ltr'>PH.</span> <span class='ocrx_word' id='word_1_168' title='bbox 1053 1757 1125 1799; x_wconf 83' lang='lat' dir='ltr'>ita.</span> <span class='ocrx_word' id='word_1_169' title='bbox 1157 1756 1462 1798; x_wconf 87' lang='lat' dir='ltr'>Philematium</span> <span class='ocrx_word' id='word_1_170' title='bbox 1496 1756 1681 1812; x_wconf 89' lang='lat' dir='ltr'>quidem.</span> 
     </span>
    </p>

    <p class='ocr_par' dir='ltr' id='par_1_8' title="bbox 163 1823 1677 1881">
     <span class='ocr_line' id='line_1_25' title="bbox 163 1823 1677 1881; baseline 0 -15"><span class='ocrx_word' id='word_1_171' title='bbox 163 1824 260 1869; x_wconf 85' lang='grc' dir='ltr'>ΤΗ.</span> <span class='ocrx_word' id='word_1_172' title='bbox 293 1824 482 1879; x_wconf 68' lang='lat' dir='ltr'>Quanti?</span> <span class='ocrx_word' id='word_1_173' title='bbox 532 1824 674 1868; x_wconf 90' lang='lat' dir='ltr'><strong>ADV.</strong></span> <span class='ocrx_word' id='word_1_174' title='bbox 707 1825 883 1881; x_wconf 85' lang='lat' dir='ltr'>triginta</span> <span class='ocrx_word' id='word_1_175' title='bbox 918 1825 1099 1867; x_wconf 86' lang='lat' dir='ltr'>talentis.</span> <span class='ocrx_word' id='word_1_176' title='bbox 1138 1825 1235 1867; x_wconf 89' lang='lat' dir='ltr'>PH.</span> <span class='ocrx_word' id='word_1_177' title='bbox 1274 1824 1334 1879; x_wconf 82' lang='grc' dir='ltr'>μὰ</span> <span class='ocrx_word' id='word_1_178' title='bbox 1366 1824 1439 1868; x_wconf 79' lang='grc' dir='ltr'>τὸν</span> <span class='ocrx_word' id='word_1_179' title='bbox 1471 1823 1677 1875; x_wconf 73' lang='grc' dir='ltr'><em>Ἀπόλλω,</em></span> 
     </span>
    </p>

    <p class='ocr_par' dir='ltr' id='par_1_9' title="bbox 49 1894 1526 2006">
     <span class='ocr_line' id='line_1_26' title="bbox 1281 1894 1526 1935; baseline -0.004 0"><span class='ocrx_word' id='word_1_180' title='bbox 1281 1894 1356 1935; x_wconf 89' lang='lat' dir='ltr'>sed</span> <span class='ocrx_word' id='word_1_181' title='bbox 1387 1894 1526 1935; x_wconf 89' lang='lat' dir='ltr'>minis.</span> 
     </span>
     <span class='ocr_line' id='line_1_27' title="bbox 49 1963 646 2006; baseline -0.002 -2"><span class='ocrx_word' id='word_1_182' title='bbox 49 1964 93 2004; x_wconf 90' lang='lat' dir='ltr'>in</span> <span class='ocrx_word' id='word_1_183' title='bbox 123 1964 167 2006; x_wconf 93' lang='lat' dir='ltr'>A</span> <span class='ocrx_word' id='word_1_184' title='bbox 199 1963 372 2005; x_wconf 86' lang='lat' dir='ltr'>additus</span> <span class='ocrx_word' id='word_1_185' title='bbox 404 1971 466 2004; x_wconf 86' lang='lat' dir='ltr'>est</span> <span class='ocrx_word' id='word_1_186' title='bbox 498 1978 646 2004; x_wconf 89' lang='lat' dir='ltr'>versus</span> 
     </span>
    </p>

    <p class='ocr_par' dir='ltr' id='par_1_10' title="bbox 49 2030 1462 2157">
     <span class='ocr_line' id='line_1_28' title="bbox 159 2030 1462 2086; baseline -0.002 -13"><span class='ocrx_word' id='word_1_187' title='bbox 159 2031 254 2075; x_wconf 82' lang='grc' dir='ltr'>ΤΗ.</span> <span class='ocrx_word' id='word_1_188' title='bbox 286 2031 538 2073; x_wconf 76' lang='lat' dir='ltr'>Liberavit?</span> <span class='ocrx_word' id='word_1_189' title='bbox 571 2030 667 2073; x_wconf 86' lang='grc' dir='ltr'>ΡΗ.</span> <span class='ocrx_word' id='word_1_190' title='bbox 700 2031 900 2072; x_wconf 83' lang='lat' dir='ltr'>liberavit</span> <span class='ocrx_word' id='word_1_191' title='bbox 941 2031 1068 2071; x_wconf 87' lang='lat' dir='ltr'>illanc</span> <span class='ocrx_word' id='word_1_192' title='bbox 1108 2031 1283 2086; x_wconf 85' lang='lat' dir='ltr'>triginta</span> <span class='ocrx_word' id='word_1_193' title='bbox 1322 2030 1462 2080; x_wconf 87' lang='lat' dir='ltr'>minis,</span> 
     </span>
     <span class='ocr_line' id='line_1_29' title="bbox 49 2099 1427 2157; baseline -0.002 -15"><span class='ocrx_word' id='word_1_194' title='bbox 49 2115 176 2157; x_wconf 89' lang='lat' dir='ltr'>quem</span> <span class='ocrx_word' id='word_1_195' title='bbox 207 2100 509 2156; x_wconf 85' lang='lat' dir='ltr'>interpolatum</span> <span class='ocrx_word' id='word_1_196' title='bbox 541 2114 632 2141; x_wconf 83' lang='lat' dir='ltr'>esse</span> <span class='ocrx_word' id='word_1_197' title='bbox 663 2099 926 2140; x_wconf 84' lang='lat' dir='ltr'>Ritschelius</span> <span class='ocrx_word' id='word_1_198' title='bbox 959 2099 1085 2148; x_wconf 81' lang='lat' dir='ltr'>vidit3</span> <span class='ocrx_word' id='word_1_199' title='bbox 1119 2101 1171 2140; x_wconf 86' lang='lat' dir='ltr'>cf.</span> <span class='ocrx_word' id='word_1_200' title='bbox 1205 2099 1300 2141; x_wconf 81' lang='lat'><strong>974.</strong></span> <span class='ocrx_word' id='word_1_201' title='bbox 1331 2099 1427 2140; x_wconf 81' lang='lat'>975.</span> 
     </span>
    </p>

    <p class='ocr_par' dir='ltr' id='par_1_11' title="bbox 47 2167 1679 3041">
     <span class='ocr_line' id='line_1_30' title="bbox 159 2167 1674 2223; baseline -0.003 -13"><span class='ocrx_word' id='word_1_202' title='bbox 159 2169 254 2210; x_wconf 86' lang='lat' dir='ltr'>Iam</span> <span class='ocrx_word' id='word_1_203' title='bbox 291 2168 580 2210; x_wconf 87' lang='lat' dir='ltr'>Ambrosiano</span> <span class='ocrx_word' id='word_1_204' title='bbox 619 2168 765 2209; x_wconf 89' lang='lat' dir='ltr'>relicto</span> <span class='ocrx_word' id='word_1_205' title='bbox 814 2169 1070 2209; x_wconf 84' lang='lat' dir='ltr'>revertimur</span> <span class='ocrx_word' id='word_1_206' title='bbox 1116 2167 1169 2208; x_wconf 86' lang='lat' dir='ltr'>ad</span> <span class='ocrx_word' id='word_1_207' title='bbox 1210 2167 1452 2217; x_wconf 86' lang='lat' dir='ltr'>Palatinos,</span> <span class='ocrx_word' id='word_1_208' title='bbox 1492 2181 1674 2223; x_wconf 87' lang='lat' dir='ltr'>quorum</span> 
     </span>
     <span class='ocr_line' id='line_1_31' title="bbox 49 2234 1678 2290; baseline -0.002 -13"><span class='ocrx_word' id='word_1_209' title='bbox 49 2236 121 2290; x_wconf 90' lang='lat' dir='ltr'>qui</span> <span class='ocrx_word' id='word_1_210' title='bbox 155 2236 198 2277; x_wconf 89' lang='lat' dir='ltr'>in</span> <span class='ocrx_word' id='word_1_211' title='bbox 229 2237 267 2277; x_wconf 93' lang='lat' dir='ltr'><strong>A</strong></span> <span class='ocrx_word' id='word_1_212' title='bbox 300 2236 597 2277; x_wconf 85' lang='lat' dir='ltr'>desiderantur</span> <span class='ocrx_word' id='word_1_213' title='bbox 636 2250 783 2276; x_wconf 84' lang='lat' dir='ltr'>versus</span> <span class='ocrx_word' id='word_1_214' title='bbox 816 2234 1060 2290; x_wconf 85' lang='lat' dir='ltr'>interpolati</span> <span class='ocrx_word' id='word_1_215' title='bbox 1092 2236 1147 2277; x_wconf 85' lang='lat' dir='ltr'>ad</span> <span class='ocrx_word' id='word_1_216' title='bbox 1178 2251 1311 2278; x_wconf 83' lang='lat' dir='ltr'>unum</span> <span class='ocrx_word' id='word_1_217' title='bbox 1343 2250 1489 2276; x_wconf 87' lang='lat' dir='ltr'>omnes</span> <span class='ocrx_word' id='word_1_218' title='bbox 1521 2251 1544 2275; x_wconf 84' lang='lat' dir='ltr'>a</span> <span class='ocrx_word' id='word_1_219' title='bbox 1578 2235 1678 2275; x_wconf 84' lang='lat' dir='ltr'>viris</span> 
     </span>
     <span class='ocr_line' id='line_1_32' title="bbox 51 2303 1676 2361; baseline -0.002 -15"><span class='ocrx_word' id='word_1_220' title='bbox 51 2304 186 2346; x_wconf 89' lang='lat' dir='ltr'>doctis</span> <span class='ocrx_word' id='word_1_221' title='bbox 221 2304 306 2346; x_wconf 87' lang='lat' dir='ltr'>iam</span> <span class='ocrx_word' id='word_1_222' title='bbox 336 2304 483 2346; x_wconf 86' lang='lat' dir='ltr'>reiecti</span> <span class='ocrx_word' id='word_1_223' title='bbox 521 2312 636 2353; x_wconf 86' lang='lat' dir='ltr'>sunt,</span> <span class='ocrx_word' id='word_1_224' title='bbox 670 2312 714 2344; x_wconf 87' lang='lat' dir='ltr'>ut</span> <span class='ocrx_word' id='word_1_225' title='bbox 745 2306 1012 2359; x_wconf 86' lang='lat' dir='ltr'>argumentis</span> <span class='ocrx_word' id='word_1_226' title='bbox 1044 2305 1208 2346; x_wconf 85' lang='lat' dir='ltr'>alienae</span> <span class='ocrx_word' id='word_1_227' title='bbox 1241 2304 1417 2361; x_wconf 84' lang='lat' dir='ltr'>originis</span> <span class='ocrx_word' id='word_1_228' title='bbox 1450 2303 1676 2345; x_wconf 86' lang='lat' dir='ltr'>afferendis</span> 
     </span>
     <span class='ocr_line' id='line_1_33' title="bbox 48 2371 1676 2429; baseline -0.002 -14"><span class='ocrx_word' id='word_1_229' title='bbox 48 2374 328 2429; x_wconf 84' lang='lat' dir='ltr'>supersedere</span> <span class='ocrx_word' id='word_1_230' title='bbox 347 2373 518 2429; x_wconf 84' lang='lat' dir='ltr'>possim.</span> <span class='ocrx_word' id='word_1_231' title='bbox 543 2372 610 2428; x_wconf 84' lang='lat' dir='ltr'>egi</span> <span class='ocrx_word' id='word_1_232' title='bbox 631 2373 714 2412; x_wconf 86' lang='lat' dir='ltr'>iam</span> <span class='ocrx_word' id='word_1_233' title='bbox 737 2387 867 2426; x_wconf 90' lang='lat' dir='ltr'>supra</span> <span class='ocrx_word' id='word_1_234' title='bbox 885 2372 937 2413; x_wconf 84' lang='lat' dir='ltr'>de</span> <span class='ocrx_word' id='word_1_235' title='bbox 962 2372 1084 2413; x_wconf 74' lang='lat' dir='ltr'>Stich.</span> <span class='ocrx_word' id='word_1_236' title='bbox 1102 2373 1269 2414; x_wconf 75' lang='lat'>48—57</span> <span class='ocrx_word' id='word_1_237' title='bbox 1289 2381 1329 2414; x_wconf 90' lang='lat' dir='ltr'>et</span> <span class='ocrx_word' id='word_1_238' title='bbox 1346 2373 1497 2413; x_wconf 76' lang='lat' dir='ltr'>Bacch.</span> <span class='ocrx_word' id='word_1_239' title='bbox 1516 2372 1599 2412; x_wconf 70' lang='lat'>540</span> <span class='ocrx_word' id='word_1_240' title='bbox 1621 2371 1676 2412; x_wconf 92' lang='lat' dir='ltr'>ad</span> 
     </span>
     <span class='ocr_line' id='line_1_34' title="bbox 47 2439 1671 2496; baseline -0.002 -13"><span class='ocrx_word' id='word_1_241' title='bbox 47 2442 142 2485; x_wconf 82' lang='lat'>551.</span> <span class='ocrx_word' id='word_1_242' title='bbox 172 2441 226 2483; x_wconf 83' lang='lat' dir='ltr'>ad</span> <span class='ocrx_word' id='word_1_243' title='bbox 254 2441 439 2495; x_wconf 90' lang='lat' dir='ltr'>reliquos</span> <span class='ocrx_word' id='word_1_244' title='bbox 467 2441 718 2496; x_wconf 85' lang='lat' dir='ltr'>priusquam</span> <span class='ocrx_word' id='word_1_245' title='bbox 751 2448 965 2482; x_wconf 83' lang='lat' dir='ltr'>transeam</span> <span class='ocrx_word' id='word_1_246' title='bbox 996 2440 1120 2481; x_wconf 87' lang='lat' dir='ltr'>liceat</span> <span class='ocrx_word' id='word_1_247' title='bbox 1150 2440 1302 2482; x_wconf 83' lang='lat' dir='ltr'>afferre</span> <span class='ocrx_word' id='word_1_248' title='bbox 1334 2440 1448 2495; x_wconf 90' lang='lat' dir='ltr'>quod</span> <span class='ocrx_word' id='word_1_249' title='bbox 1471 2439 1671 2482; x_wconf 85' lang='lat' dir='ltr'>Goetzius</span> 
     </span>
     <span class='ocr_line' id='line_1_35' title="bbox 48 2507 1674 2565; baseline -0.002 -14"><span class='ocrx_word' id='word_1_250' title='bbox 48 2509 73 2553; x_wconf 91' lang='lat' dir='ltr'>l.</span> <span class='ocrx_word' id='word_1_251' title='bbox 105 2525 139 2553; x_wconf 93' lang='lat' dir='ltr'>c.</span> <span class='ocrx_word' id='word_1_252' title='bbox 173 2525 212 2565; x_wconf 93' lang='lat' dir='ltr'>p.</span> <span class='ocrx_word' id='word_1_253' title='bbox 237 2510 320 2551; x_wconf 82' lang='lat'>270</span> <span class='ocrx_word' id='word_1_254' title='bbox 350 2509 446 2550; x_wconf 86' lang='lat' dir='ltr'>adn.</span> <span class='ocrx_word' id='word_1_255' title='bbox 480 2509 530 2550; x_wconf 86' lang='lat' dir='ltr'>de</span> <span class='ocrx_word' id='word_1_256' title='bbox 563 2509 614 2549; x_wconf 88' lang='lat' dir='ltr'>iis</span> <span class='ocrx_word' id='word_1_257' title='bbox 646 2508 858 2563; x_wconf 82' lang='lat' dir='ltr'>disputat:</span> <span class='ocrx_word' id='word_1_258' title='bbox 892 2508 985 2558; x_wconf 88' lang='lat' dir='ltr'>,Bei</span> <span class='ocrx_word' id='word_1_259' title='bbox 1018 2509 1094 2550; x_wconf 88' lang='lat' dir='ltr'>der</span> <span class='ocrx_word' id='word_1_260' title='bbox 1125 2517 1243 2550; x_wconf 88' lang='lat' dir='ltr'>sonst</span> <span class='ocrx_word' id='word_1_261' title='bbox 1273 2509 1331 2550; x_wconf 87' lang='lat' dir='ltr'>im</span> <span class='ocrx_word' id='word_1_262' title='bbox 1352 2507 1674 2550; x_wconf 89' lang='lat' dir='ltr'>Wesentlichen</span> 
     </span>
     <span class='ocr_line' id='line_1_36' title="bbox 50 2563 1672 2631; baseline -0.002 -12"><span class='ocrx_word' id='word_1_263' title='bbox 50 2577 512 2619; x_wconf 84' lang='lat' dir='ltr'>iibereinstimmenden</span> <span class='ocrx_word' id='word_1_264' title='bbox 546 2563 880 2631; x_wconf 62' lang='lat' dir='ltr'>llberlieferung</span> <span class='ocrx_word' id='word_1_265' title='bbox 919 2591 1001 2617; x_wconf 86' lang='lat' dir='ltr'>von</span> <span class='ocrx_word' id='word_1_266' title='bbox 1036 2580 1071 2617; x_wconf 93' lang='lat' dir='ltr'><strong>A</strong></span> <span class='ocrx_word' id='word_1_267' title='bbox 1108 2577 1192 2618; x_wconf 88' lang='lat' dir='ltr'>und</span> <span class='ocrx_word' id='word_1_268' title='bbox 1226 2577 1260 2617; x_wconf 81' lang='lat' dir='ltr'><strong>B</strong></span> <span class='ocrx_word' id='word_1_269' title='bbox 1292 2577 1388 2618; x_wconf 89' lang='lat' dir='ltr'>sind</span> <span class='ocrx_word' id='word_1_270' title='bbox 1419 2577 1521 2618; x_wconf 84' lang='lat' dir='ltr'>zwei</span> <span class='ocrx_word' id='word_1_271' title='bbox 1554 2575 1672 2630; x_wconf 74' lang='lat' dir='ltr'>Mog-</span> 
     </span>
     <span class='ocr_line' id='line_1_37' title="bbox 49 2643 1677 2700; baseline -0.003 -13"><span class='ocrx_word' id='word_1_272' title='bbox 49 2645 279 2688; x_wconf 90' lang='lat' dir='ltr'>lichkeiten</span> <span class='ocrx_word' id='word_1_273' title='bbox 319 2646 394 2686; x_wconf 90' lang='lat' dir='ltr'>der</span> <span class='ocrx_word' id='word_1_274' title='bbox 433 2645 683 2699; x_wconf 64' lang='lat' dir='ltr'>Erklarung</span> <span class='ocrx_word' id='word_1_275' title='bbox 725 2643 932 2700; x_wconf 83' lang='lat' dir='ltr'>gegeben.</span> <span class='ocrx_word' id='word_1_276' title='bbox 993 2644 1225 2685; x_wconf 82' lang='lat' dir='ltr'>Entweder</span> <span class='ocrx_word' id='word_1_277' title='bbox 1262 2645 1443 2686; x_wconf 88' lang='lat' dir='ltr'>standen</span> <span class='ocrx_word' id='word_1_278' title='bbox 1489 2643 1558 2684; x_wconf 92' lang='lat' dir='ltr'>die</span> <span class='ocrx_word' id='word_1_279' title='bbox 1605 2658 1677 2684; x_wconf 91' lang='lat' dir='ltr'>un-</span> 
     </span>
     <span class='ocr_line' id='line_1_38' title="bbox 53 2712 1675 2768; baseline -0.004 -12"><span class='ocrx_word' id='word_1_280' title='bbox 53 2714 204 2757; x_wconf 88' lang='lat' dir='ltr'>echten</span> <span class='ocrx_word' id='word_1_281' title='bbox 227 2714 401 2756; x_wconf 85' lang='lat' dir='ltr'>Partien</span> <span class='ocrx_word' id='word_1_282' title='bbox 427 2714 468 2754; x_wconf 89' lang='lat' dir='ltr'>in</span> <span class='ocrx_word' id='word_1_283' title='bbox 492 2713 567 2754; x_wconf 89' lang='lat' dir='ltr'>der</span> <span class='ocrx_word' id='word_1_284' title='bbox 588 2712 909 2768; x_wconf 86' lang='lat' dir='ltr'>gemeinsamen</span> <span class='ocrx_word' id='word_1_285' title='bbox 932 2712 1084 2766; x_wconf 75' lang='lat' dir='ltr'>Quelle</span> <span class='ocrx_word' id='word_1_286' title='bbox 1106 2713 1193 2754; x_wconf 86' lang='lat' dir='ltr'>und</span> <span class='ocrx_word' id='word_1_287' title='bbox 1217 2713 1388 2754; x_wconf 84' lang='lat' dir='ltr'>wurden</span> <span class='ocrx_word' id='word_1_288' title='bbox 1423 2720 1509 2753; x_wconf 87' lang='lat' dir='ltr'>erst</span> <span class='ocrx_word' id='word_1_289' title='bbox 1530 2715 1675 2766; x_wconf 67' lang='lat' dir='ltr'>spater</span> 
     </span>
     <span class='ocr_line' id='line_1_39' title="bbox 49 2779 1675 2836; baseline -0.004 -12"><span class='ocrx_word' id='word_1_290' title='bbox 49 2797 126 2825; x_wconf 83' lang='lat' dir='ltr'>aus</span> <span class='ocrx_word' id='word_1_291' title='bbox 159 2783 234 2824; x_wconf 92' lang='lat' dir='ltr'>der</span> <span class='ocrx_word' id='word_1_292' title='bbox 264 2781 506 2823; x_wconf 86' lang='lat' dir='ltr'>Recension</span> <span class='ocrx_word' id='word_1_293' title='bbox 539 2781 612 2821; x_wconf 74' lang='lat' dir='ltr'>des</span> <span class='ocrx_word' id='word_1_294' title='bbox 644 2781 687 2822; x_wconf 93' lang='lat' dir='ltr'>A</span> <span class='ocrx_word' id='word_1_295' title='bbox 719 2780 1078 2836; x_wconf 85' lang='lat' dir='ltr'>ausgeschieden‚</span> <span class='ocrx_word' id='word_1_296' title='bbox 1122 2782 1223 2823; x_wconf 88' lang='lat' dir='ltr'>oder</span> <span class='ocrx_word' id='word_1_297' title='bbox 1256 2781 1315 2822; x_wconf 86' lang='lat' dir='ltr'>sie</span> <span class='ocrx_word' id='word_1_298' title='bbox 1346 2781 1527 2821; x_wconf 82' lang='lat' dir='ltr'>standen</span> <span class='ocrx_word' id='word_1_299' title='bbox 1558 2779 1675 2819; x_wconf 88' lang='lat' dir='ltr'>nicht</span> 
     </span>
     <span class='ocr_line' id='line_1_40' title="bbox 51 2835 1679 2904; baseline -0.003 -13"><span class='ocrx_word' id='word_1_300' title='bbox 51 2849 174 2891; x_wconf 84' lang='lat' dir='ltr'>darin</span> <span class='ocrx_word' id='word_1_301' title='bbox 212 2850 299 2891; x_wconf 90' lang='lat' dir='ltr'>und</span> <span class='ocrx_word' id='word_1_302' title='bbox 341 2849 515 2891; x_wconf 86' lang='lat' dir='ltr'>wurden</span> <span class='ocrx_word' id='word_1_303' title='bbox 551 2858 634 2890; x_wconf 87' lang='lat' dir='ltr'>erst</span> <span class='ocrx_word' id='word_1_304' title='bbox 674 2853 817 2904; x_wconf 70' lang='lat' dir='ltr'>spater</span> <span class='ocrx_word' id='word_1_305' title='bbox 860 2863 935 2889; x_wconf 85' lang='lat' dir='ltr'>aus</span> <span class='ocrx_word' id='word_1_306' title='bbox 978 2849 1305 2904; x_wconf 82' lang='lat' dir='ltr'>anderweitiger</span> <span class='ocrx_word' id='word_1_307' title='bbox 1346 2835 1679 2900; x_wconf 63' lang='lat' dir='ltr'>Uberlieferung</span> 
     </span>
     <span class='ocr_line' id='line_1_41' title="bbox 50 2913 1679 2974; baseline -0.004 -14"><span class='ocrx_word' id='word_1_308' title='bbox 50 2917 94 2959; x_wconf 84' lang='lat' dir='ltr'>in</span> <span class='ocrx_word' id='word_1_309' title='bbox 131 2918 171 2960; x_wconf 90' lang='lat' dir='ltr'>B</span> <span class='ocrx_word' id='word_1_310' title='bbox 212 2918 444 2974; x_wconf 80' lang='lat' dir='ltr'>beigefiigt.</span> <span class='ocrx_word' id='word_1_311' title='bbox 506 2916 687 2958; x_wconf 90' lang='lat' dir='ltr'>Welche</span> <span class='ocrx_word' id='word_1_312' title='bbox 728 2916 954 2957; x_wconf 87' lang='lat' dir='ltr'>Annahme</span> <span class='ocrx_word' id='word_1_313' title='bbox 995 2917 1075 2957; x_wconf 84' lang='lat' dir='ltr'>den</span> <span class='ocrx_word' id='word_1_314' title='bbox 1109 2916 1284 2972; x_wconf 76' lang='lat' dir='ltr'>Vorzug</span> <span class='ocrx_word' id='word_1_315' title='bbox 1326 2917 1536 2963; x_wconf 81' lang='lat' dir='ltr'>verdient,</span> <span class='ocrx_word' id='word_1_316' title='bbox 1575 2913 1679 2954; x_wconf 65' lang='lat' dir='ltr'>lasst</span> 
     </span>
     <span class='ocr_line' id='line_1_42' title="bbox 51 2980 1677 3041; baseline -0.002 -13"><span class='ocrx_word' id='word_1_317' title='bbox 51 2986 142 3028; x_wconf 82' lang='lat' dir='ltr'>sich</span> <span class='ocrx_word' id='word_1_318' title='bbox 182 2987 238 3027; x_wconf 87' lang='lat' dir='ltr'>im</span> <span class='ocrx_word' id='word_1_319' title='bbox 280 2986 579 3041; x_wconf 80' lang='lat' dir='ltr'>Allgemeineu</span> <span class='ocrx_word' id='word_1_320' title='bbox 625 2984 788 3025; x_wconf 77' lang='lat' dir='ltr'>schwer</span> <span class='ocrx_word' id='word_1_321' title='bbox 833 2999 987 3040; x_wconf 85' lang='lat' dir='ltr'>sagen3</span> <span class='ocrx_word' id='word_1_322' title='bbox 1041 2984 1099 3024; x_wconf 90' lang='lat' dir='ltr'>im</span> <span class='ocrx_word' id='word_1_323' title='bbox 1140 2983 1314 3026; x_wconf 85' lang='lat' dir='ltr'>Stichus</span> <span class='ocrx_word' id='word_1_324' title='bbox 1363 2983 1438 3023; x_wconf 83' lang='lat' dir='ltr'>hat</span> <span class='ocrx_word' id='word_1_325' title='bbox 1482 2998 1563 3025; x_wconf 87' lang='lat' dir='ltr'>nur</span> <span class='ocrx_word' id='word_1_326' title='bbox 1609 2980 1677 3024; x_wconf 90' lang='lat' dir='ltr'>die</span> 
     </span>
    </p>
   </div>
   <div class='ocr_carea' id='block_1_4' title="bbox 1433 3064 1453 3098">
    <p class='ocr_par' dir='ltr' id='par_1_12' title="bbox 1433 3064 1453 3098">
     <span class='ocr_line' id='line_1_43' title="bbox 1433 3064 1453 3098; baseline 0 0"><span class='ocrx_word' id='word_1_327' title='bbox 1433 3064 1453 3098; x_wconf 72' lang='lat'><strong>9</strong></span> 
     </span>
    </p>
   </div>
  </div>
 </body>
</html>
