2020 3278
878 167 934 208 43

97 305 206 347 tioni
239 311 426 360 praestat
456 303 752 345 Palatinorum
784 303 1010 353 memoria,
1050 301 1229 358 probata
1260 301 1332 343 illa
1365 317 1416 342 ex
1449 302 1561 343 omni
1596 311 1729 357 parte,

98 373 179 414 nisi
219 372 333 428 quod
371 387 492 427 usque
531 372 572 413 in
612 387 661 413 ea
703 372 843 422 deest,
890 371 1004 428 quod
1050 378 1185 412 metro
1229 370 1470 427 postulante
1511 385 1562 411 ex
1595 371 1636 411 A
1670 385 1730 412 re-

101 441 346 498 cipiendum
379 449 453 484 est.

212 511 333 552 Stich.
367 509 420 551 73

154 580 216 621 A:
249 578 361 634 Neq.
380 578 622 633 equidem
649 578 741 634 isl)
758 578 962 618 factura
984 592 1076 631 neq.
1096 585 1143 618 te
1161 585 1206 618 ut
1223 576 1355 617 facias
1375 575 1598 617 consilium
1617 575 1728 617 dabo

150 649 209 691 P:
244 647 397 702 Neque
423 663 523 704 ego
549 650 760 689 factura
784 662 890 688 suni
917 660 1054 702 neque
1073 654 1123 687 tu
1141 653 1187 686 ut
1208 645 1341 686 facias
1360 644 1584 686 consilium
1602 643 1726 684 dabo.

209 716 471 758 Ritschelius
513 730 695 771 eumque
735 723 906 757 secutus
938 715 1142 758 Goetzius
1185 730 1237 754 ex
1270 721 1452 768 utraque
1486 712 1729 754 recensione

97 800 266 827 versum

153 853 308 910 Neque
341 867 436 908 ego
467 852 518 893 id
550 868 657 894 sum
690 852 856 894 factura
888 866 1025 908 neque
1058 864 1103 892 tu
1135 861 1180 892 ut
1213 851 1346 892 facias
1372 850 1595 891 consilium
1621 849 1730 892 dabo

96 930 445 978 composuerunt,
492 936 717 977 perperam
766 931 809 962 ut
856 920 1028 977 opinor3
1077 919 1149 974 qui
1196 920 1229 960 si
1277 919 1318 960 in
1364 919 1725 975 comparationem

96 998 323 1032 vocassent
365 1006 405 1031 v.
445 989 520 1040 82,
556 989 629 1031 ubi
668 989 710 1031 in
750 989 964 1031 simillima
1004 989 1213 1030 sententia
1255 988 1404 1029 eadem
1446 987 1640 1029 codicum
1673 987 1730 1028 di-

95 1059 275 1101 versitas
308 1065 443 1100 extat:

151 1128 213 1169 A:
247 1127 441 1169 Faciant.
502 1126 606 1184 quid
636 1126 738 1168 mihi
771 1135 895 1182 opust
929 1126 1108 1167 decurso
1140 1126 1296 1167 aetatis
1329 1125 1466 1180 spatio
1497 1139 1595 1166 cum
1626 1124 1730 1165 meis

240 1196 402 1240 Gerere
436 1196 606 1250 bellum,
640 1210 769 1252 quom
793 1195 864 1245 nil,
898 1210 1025 1252 quam
1051 1195 1103 1237 ob
1130 1210 1219 1236 rem
1251 1194 1301 1234 id
1323 1194 1494 1243 faciam,
1527 1193 1730 1234 meruisse

1459 1261 1662 1315 arbitror3

95 1334 152 1376 P:
202 1349 345 1389 ,quam
382 1333 434 1375 ob
471 1348 575 1374 rem
611 1333 836 1382 faciam‘,
877 1332 1002 1373 facile
1042 1331 1341 1387 cognovissent
1382 1345 1529 1372 vocem
1567 1331 1611 1371 id
1646 1344 1731 1371 non

99 1418 202 1445 casu
234 1404 276 1444 in
308 1402 347 1444 P
378 1402 611 1452 excidisse3
642 1401 972 1458 grammaticum
998 1412 1140 1442 autem
1164 1415 1258 1441 eam
1281 1400 1473 1441 consulto
1499 1400 1731 1441 removisse

96 1473 168 1513 vix
202 1487 251 1513 ac
282 1486 334 1513 ne
367 1471 440 1512 vix
473 1471 646 1528 quidem
680 1470 794 1512 credi
827 1478 977 1525 potest,
1021 1484 1117 1511 cum
1156 1484 1205 1511 ea
1245 1469 1398 1511 vocula
1436 1469 1479 1510 in
1511 1469 1554 1510 A
1585 1467 1731 1509 addita

97 1541 325 1595 magistelli
366 1540 590 1582 cuiusdam
622 1554 795 1596 operam
835 1554 937 1580 sane
978 1539 1114 1588 oleat3
1161 1538 1371 1579 sententia
1412 1538 1525 1579 enim
1558 1537 1730 1578 minime

95 1609 338 1664 requiritur.
407 1607 692 1663 Niemeyerus
723 1623 764 1663 p.
791 1608 841 1648 17
873 1607 1155 1649 Ritschelium
1195 1607 1366 1661 quidem
1406 1606 1574 1655 laudat,
1615 1605 1729 1662 quod

95 1693 165 1734 090
193 1692 245 1719 ex
270 1677 307 1719 P
338 1677 559 1734 receperit,
595 1677 668 1718 sed
702 1686 745 1717 ut
770 1676 1048 1717 Ambrosiani
1083 1690 1255 1731 quoque
1288 1675 1525 1731 scripturae
1556 1689 1730 1730 operam

96 1761 217 1789 suam
250 1754 500 1802 praestaret,
533 1745 796 1801 excogitavit
827 1745 941 1785 hunc
975 1744 1134 1785 bellum
1168 1745 1449 1786 versiculum:

158 1814 311 1869 Neque
330 1815 528 1870 equidem
548 1829 626 1870 ego
649 1814 691 1855 id
708 1814 888 1864 factura,
911 1828 1049 1870 neque
1073 1824 1117 1854 tu
1140 1822 1185 1855 ut
1209 1813 1341 1855 facias
1366 1813 1588 1854 consilium
1607 1811 1730 1853 dabo.

96 1884 275 1925 miratur
316 1884 448 1936 enim,
493 1883 589 1937 quis
629 1884 831 1939 equidem,
874 1882 916 1922 in
959 1897 1042 1938 quo
1082 1882 1197 1923 nuda
1236 1881 1571 1923 demonstrativa
1618 1880 1732 1921 notio

96 1952 219 2003 insit,
267 1952 329 1993 illi
375 1952 616 2007 pronomini
663 1967 732 2008 090
773 1950 1051 1992 substituerit.
1117 1958 1302 1991 attamen
1345 1958 1510 1991 constat
1551 1949 1732 2004 equidem

99 2020 214 2076 apud
246 2028 409 2062 veteres
449 2019 752 2075 grammaticos
793 2035 894 2061 sane
936 2035 1019 2061 non
1060 2033 1206 2060 omnes
1238 2018 1348 2060 idem
1384 2018 1568 2059 valuisse
1601 2024 1728 2073 atque

97 2104 166 2145 e90
197 2090 380 2145 quidem,·
410 2089 478 2130 cui
511 2089 640 2129 errori
674 2096 890 2130 auctorem
924 2103 1092 2144 quoque
1122 2086 1436 2129 Ambrosianae
1468 2085 1727 2128 recensionis

97 2157 324 2198 indulsisse
358 2170 432 2198 cur
463 2158 700 2211 negemus?
763 2172 816 2197 an
848 2155 1134 2211 Niemeyerus
1172 2156 1283 2197 hanc
1325 2170 1472 2197 vocem
1515 2163 1601 2196 tam
1634 2168 1730 2194 raro

98 2241 178 2267 usu
210 2225 378 2267 venisse
409 2234 544 2281 putat,
578 2234 621 2266 ut
652 2225 706 2266 ab
728 2225 1031 2280 interpolatore
1055 2225 1155 2266 addi
1180 2241 1265 2267 non
1288 2225 1501 2281 potuerit?
1543 2238 1595 2264 ne
1621 2238 1730 2264 com-

96 2308 327 2335 memorem
358 2294 508 2337 Bacch.
543 2310 580 2335 v.
613 2294 716 2344 974,
756 2293 829 2335 ubi
862 2293 1037 2344 dudum,
1080 2301 1124 2334 ut
1158 2293 1392 2350 elegantior
1433 2292 1555 2333 metri
1595 2292 1731 2332 forma

98 2363 266 2412 evadat,
300 2364 481 2418 equidem
512 2362 697 2405 deletum
731 2371 804 2412 est,
838 2363 993 2404 sufficit
1025 2362 1155 2403 citare
1190 2377 1360 2403 versum
1393 2362 1505 2403 Pers.
1529 2360 1625 2410 639,
1659 2360 1732 2402 ubi

102 2446 197 2472 cum
219 2431 264 2472 A
288 2439 405 2487 atque
435 2463 646 2472 .......
680 2439 726 2479 et,
759 2431 801 2472 id
836 2440 898 2471 est
929 2439 1047 2487 atque
1070 2447 1129 2472 me
1154 2433 1319 2479 miseret,
1354 2430 1389 2471 Ρ
1411 2438 1529 2485 atque
1550 2430 1731 2485 equidem

105 2501 257 2541 miseret
289 2499 535 2554 praebeant,
569 2508 638 2541 aut
664 2499 942 2541 Ambrosiani
974 2499 1166 2540 recensio
1191 2509 1263 2539 aut
1288 2498 1583 2539 Palatinorum
1606 2498 1730 2538 inter-

98 2567 256 2624 polatio
288 2569 514 2610 statuenda
544 2576 622 2610 est.
683 2568 758 2610 sed
789 2568 916 2610 totius
949 2567 1249 2624 disputationis
1282 2567 1412 2608 cardo
1443 2567 1486 2607 in
1519 2581 1569 2607 ea
1601 2580 1726 2620 quae-

99 2637 234 2678 stione
272 2637 469 2687 vertitur,
520 2646 661 2678 utrum
710 2636 888 2678 verbum
930 2636 1247 2678 substantivum
1286 2652 1373 2676 sum
1412 2635 1549 2676 omitti
1598 2634 1729 2690 possit

101 2719 247 2760 necne.
308 2712 350 2746 at
381 2705 640 2761 Niemeyero
673 2706 885 2762 persuasit
916 2704 1161 2761 Ussingius,
1194 2705 1266 2760 qui
1307 2705 1362 2746 ad
1394 2705 1542 2760 Amph.
1575 2719 1614 2744 v.
1647 2703 1731 2745 590

99 2781 140 2814 et
169 2773 223 2815 56
264 2788 466 2829 magnam
506 2788 607 2815 sane
652 2774 948 2830 exemplorum
988 2774 1164 2823 molem,
1205 2773 1280 2814 sed
1321 2786 1414 2814 eam
1452 2771 1727 2827 indigestam,

99 2841 284 2897 collegit,
315 2841 489 2884 minime
529 2842 572 2882 id
605 2856 780 2892 curans,
819 2841 934 2896 quod
967 2849 1064 2882 ante
1096 2842 1237 2884 omnia
1275 2840 1584 2883 absolvendum
1622 2846 1724 2890 erat,

217 2989 242 3033 ¹)
265 2987 310 3023 In
336 2999 407 3034 quo
432 2988 546 3023 latere
573 2989 609 3022 id
633 2990 804 3034 apertum
829 2991 896 3023 est.
