2020 3278
864 165 917 206 29

195 300 360 357 Quibus
393 301 576 358 quanti
610 309 772 343 montes
798 303 1002 353 maxumi,
1035 301 1235 344 frumenti
1263 302 1404 343 acervi
1437 310 1534 345 sunt
1552 302 1678 346 domi.

80 370 154 412 sed
187 385 322 427 neque
356 370 425 410 via
457 384 507 411 ac
539 370 700 411 ratione
732 370 843 412 hanc
874 371 1162 413 coniecturam
1202 371 1302 412 fecit
1351 378 1392 412 et
1429 371 1510 413 hac
1542 386 1708 428 compa-

81 439 241 480 ratione
273 438 480 480 montium
519 453 614 480 cum
649 438 811 480 acervis
853 439 1054 481 frumenti
1094 438 1270 481 inducta
1307 439 1461 481 mirum
1503 448 1709 496 quantum

81 507 168 548 vim
209 522 260 549 ac
303 507 493 561 vigorem
543 508 776 549 sententiae
823 508 1008 563 infregit.
1082 509 1136 548 cf.
1175 507 1303 548 etiam
1343 508 1433 548 Mil.
1465 508 1565 563 ρίαν.
1603 508 1710 550 1065

80 576 277 632 ‚Argenti
308 584 485 630 montes,
512 590 596 617 non
627 590 789 618 massas
813 575 956 619 habet‘
1005 577 1122 617 Most.
1148 576 1229 617 352
1275 577 1492 626 ,maeroris
1523 586 1708 618 montem

81 644 345 687 maximum‘.

198 713 310 754 Tmo.
343 712 426 754 245

135 782 198 823 A:
231 780 316 836 Qui
349 781 400 822 de
432 780 674 823 thensauris
707 780 886 837 integris
918 780 1090 822 demum
1121 787 1333 837 oggerunt

135 849 193 892 P:
225 848 310 904 Qui
341 850 393 892 de
425 850 667 893 thensauris
700 849 877 905 integris
910 849 1059 892 demus
1091 849 1268 891 danunt.

191 918 262 960 Ex
309 919 417 960 mira
458 919 705 975 Niemeyeri
751 918 803 959 de
835 918 915 960 hoc
959 918 1051 959 loco
1097 917 1386 973 disputatione
1426 917 1506 958 hoc
1543 924 1710 959 tantum

80 986 211 1029 affero
248 987 426 1030 verbum
466 995 656 1043 oyyerzmt
697 1001 789 1029 esse
828 986 976 1037 ,multo
1014 986 1326 1043 significantius
1373 1000 1502 1042 quam
1533 984 1711 1028 verbum

79 1054 223 1106 dandi,
255 1056 297 1097 in
329 1056 443 1113 quod
475 1063 756 1098 correctorem
787 1055 987 1097 incidisse
1028 1070 1112 1096 non
1146 1055 1301 1097 mirum
1334 1054 1423 1104 sit‘3
1473 1054 1596 1111 quasi
1627 1069 1711 1096 non

79 1124 207 1165 etiam
241 1124 411 1168 facilius
449 1132 663 1167 corrector
701 1124 979 1166 Ambrosiani
1018 1131 1210 1179 oyyerunt
1251 1137 1305 1164 ex
1335 1138 1374 1163 v.
1410 1122 1491 1164 103
1522 1123 1711 1180 (oyyerz't)

82 1192 149 1234 vel
170 1193 249 1234 112
273 1195 508 1250 (ace-erimus
531 1194 572 1236 A
595 1196 821 1250 ayyevm'mus
841 1193 897 1249 P)
921 1192 1170 1247 depromere
1193 1191 1392 1246 potuerit,
1415 1191 1529 1246 quod
1551 1190 1712 1233 indicat

82 1260 353 1312 Schoellius;
393 1262 508 1317 quod
541 1278 641 1304 vero
671 1264 852 1304 formam
896 1261 1117 1316 antiquam
1155 1260 1271 1302 haud
1311 1268 1559 1302 cunctanter
1589 1261 1712 1302 inter-

83 1329 263 1387 polatori
307 1331 468 1381 tribuit,
522 1331 602 1374 hoc
640 1331 726 1372 noli
766 1329 911 1372 mirari
956 1329 999 1370 in
1046 1328 1328 1384 Niemeyero‚
1380 1329 1452 1384 qui
1492 1343 1545 1370 ex
1598 1329 1710 1370 Τνασ.

83 1413 150 1440 vv.
183 1398 268 1440 246
313 1407 354 1440 et
400 1399 482 1441 249
529 1399 730 1441 didicisse
777 1415 821 1441 se
868 1398 927 1441 ait
971 1399 1031 1455 (p.
1063 1397 1137 1454 51)
1182 1396 1411 1439 Palatinae
1450 1397 1710 1439 recensionis

82 1475 299 1510 auctorem
346 1468 474 1510 etiam
514 1468 706 1510 obsoleta
744 1469 882 1509 forma
912 1482 1038 1510 usum
1070 1480 1182 1521 esse,
1230 1473 1276 1509 ut
1319 1465 1502 1523 probum
1541 1481 1711 1509 versum

81 1535 278 1577 efficeret.
346 1551 472 1592 porro
525 1537 640 1592 quod
691 1538 828 1578 demus
867 1537 1049 1579 formam
1098 1535 1397 1592 perantiquam
1451 1536 1524 1591 (cf.
1586 1534 1710 1577 Paul.

80 1619 121 1660 p.
153 1604 272 1661 70‚8)
303 1619 424 1648 casu
461 1605 504 1646 in
537 1607 697 1647 demum
728 1605 882 1647 abiisse
915 1604 1153 1655 contendit,
1194 1604 1320 1646 facile
1359 1604 1397 1646 ei
1436 1604 1704 1660 largiremur,

80 1673 161 1714 nisi
200 1673 304 1715 haec
343 1675 521 1717 mutatio
567 1674 648 1717 hoc
694 1674 786 1716 loco
832 1674 922 1716 fieri
962 1672 1204 1723 deberet,
1250 1680 1297 1716 ut
1342 1673 1514 1714 omnino
1562 1687 1707 1716 versus

80 1749 191 1783 stare
235 1743 382 1798 possit.
449 1743 668 1798 graviores
715 1751 856 1785 autem
903 1741 1192 1784 dubitationes
1252 1749 1479 1784 moverunt
1532 1741 1709 1784 Brixius

80 1810 385 1854 Fleckeisenus
407 1810 664 1867 Langenus3
702 1812 904 1866 quoniam
927 1811 1037 1852 enim
1062 1810 1155 1853 voci
1180 1812 1340 1852 demum
1362 1810 1481 1866 apud
1503 1809 1708 1853 Plautum

80 1878 253 1934 quidem
282 1880 408 1922 unica
430 1880 687 1937 significatio
719 1888 794 1922 erse
816 1880 1080 1936 assignanda
1113 1886 1188 1933 est,
1232 1879 1344 1921 hanc
1364 1894 1511 1922 vocem
1537 1879 1708 1921 omnino

79 1947 284 1990 damnant
323 1956 363 1991 et
401 1949 454 1990 ad
501 1949 767 1992 coniecturas
799 1949 1074 2006 confugiunt:
1107 1949 1412 1991 Fleckeisenus
1452 1948 1708 1990 assentiente

79 2015 285 2073 Langeno
329 2018 542 2074 (Beitrdye
588 2033 628 2073 p.
668 2017 772 2073 305)
812 2017 1002 2060 scribens
1053 2017 1245 2068 ,demunt
1292 2017 1483 2067 danunt‘,
1534 2017 1708 2060 Brixius

81 2086 187 2126 dona
227 2086 294 2127 vel
326 2087 489 2142 dempta
528 2086 858 2136 commendans3
898 2101 1081 2140 quorum
1118 2084 1408 2127 dubitationes
1449 2099 1588 2140 neque
1628 2099 1707 2142 ego

80 2153 337 2210 redarguere
356 2169 530 2210 possum
551 2169 630 2197 nec
651 2155 855 2198 refutavit
877 2153 1116 2197 Schoellius
1141 2153 1274 2196 ascito
1296 2154 1446 2195 Bacch.
1472 2169 1511 2194 v.
1536 2153 1620 2195 270
1641 2168 1704 2210 sq.

80 2221 319 2272 ‚damnatus
358 2223 531 2266 demum
564 2223 605 2264 vi
636 2231 808 2265 coactus
841 2222 1054 2272 reddidit‘,
1093 2237 1177 2279 quo
1208 2222 1300 2264 loco
1332 2236 1481 2264 vereor
1512 2229 1558 2264 ut
1590 2221 1705 2276 quic-

80 2305 209 2345 quam
255 2292 415 2347 probet.
430 2293 464 2348 1)
538 2299 727 2334 attamen
779 2291 868 2334 sive
914 2291 1019 2332 haec
1064 2306 1149 2332 vox
1200 2290 1457 2346 interpolata
1497 2299 1560 2332 est
1612 2290 1703 2332 sive

78 2360 266 2415 genuina
318 2362 476 2417 (neque
530 2361 642 2403 enim
695 2375 774 2417 ego
830 2360 970 2402 locum
1022 2359 1266 2401 coniectura
1320 2367 1481 2401 tentare
1535 2358 1704 2414 ausim),

80 2428 158 2470 hoc
201 2428 306 2470 mihi
344 2428 517 2483 quidem
556 2437 741 2481 constat,
789 2429 991 2484 quoniam
1030 2428 1072 2469 in
1106 2428 1341 2483 archetypo
1381 2428 1602 2483 utriusque
1645 2442 1706 2469 re-

80 2497 289 2539 censionis
326 2498 458 2541 fuisse
495 2500 632 2540 demus
669 2498 744 2539 vix
782 2497 959 2541 dubium
997 2505 1081 2548 est,
1127 2511 1224 2540 cum
1269 2512 1378 2550 eum,
1417 2497 1489 2552 qui
1515 2505 1705 2553 oqyerunt

78 2565 370 2624 interpolavit,
413 2568 535 2609 metri
565 2567 706 2624 gratia
742 2568 878 2609 demus
916 2567 958 2608 in
1003 2568 1162 2608 demum
1208 2573 1417 2619 mutasse,
1461 2574 1550 2608 tum
1584 2564 1703 2607 verbi

79 2636 234 2677 danunt
271 2636 479 2693 originem
524 2635 773 2679 Plautinam
812 2650 861 2677 eo
902 2635 1156 2684 confirmari,
1204 2634 1319 2689 quod
1360 2634 1481 2676 iuxta
1522 2633 1702 2676 verbum

79 2711 269 2759 oyyerunt
299 2704 440 2761 prisca
476 2705 614 2746 forma
662 2705 799 2746 demus
831 2704 994 2746 servari
1025 2719 1107 2746 non
1149 2710 1300 2759 potest.
1360 2702 1531 2746 videtur
1561 2708 1704 2745 autem

195 2875 220 2917 ¹)
256 2874 481 2909 Baehrensio
515 2874 654 2919 (Fleck.
687 2876 773 2910 Arm.
813 2876 899 2911 1882
935 2887 969 2920 p.
1008 2875 1088 2918 478)
1127 2874 1201 2918 ‚qui
1237 2873 1283 2908 de
1307 2873 1463 2918 integris
1498 2872 1705 2906 thensauris

78 2929 222 2965 denuo
259 2934 452 2976 oggerunt‘
488 2932 667 2966 scribenti
705 2932 838 2967 vitium
868 2932 1067 2968 metricum
1101 2931 1305 2976 subrepsit3
1334 2930 1378 2966 cf.
1409 2929 1533 2964 Luchs
1569 2928 1708 2969 Quaesc.

78 2993 173 3022 metr.
197 2988 380 3033 (Studem.
404 2990 490 3023 stud.
516 2986 550 3032 I)
577 3001 612 3035 p.
638 2990 669 3025 7.
