2020 3278
1061 135 1142 177 110

283 282 395 314 recte
433 272 694 314 Bitschelius
737 271 874 326 (Trin.
917 272 980 314 cd.
1015 271 1083 314 alt.
1114 270 1248 326 praef.
1282 285 1320 324 p.
1354 268 1526 325 LVIII)
1566 283 1657 310 eam
1698 283 1785 310 rem
1823 284 1905 310 non

282 351 368 384 tam
403 342 654 382 necessitate
688 355 814 396 quain
849 340 994 395 aliqua
1035 339 1209 380 rationis
1242 337 1542 394 probabilitate
1585 337 1675 392 regi
1709 337 1827 387 dicit,
1865 337 1909 378 id

284 410 335 451 de
369 409 643 450 histrionibus
687 408 923 449 dominisve
962 423 1143 463 gregum
1176 408 1234 447 ita
1265 406 1460 460 accipere
1484 420 1719 461 possumus,
1755 414 1798 446 ut
1834 420 1911 446 nec

284 479 502 535 potuerint
534 491 610 517 nec
635 476 845 517 voluerint
876 490 925 516 ea
956 490 1040 531 qua
1075 490 1149 515 nos
1180 473 1422 514 adsolemus
1447 473 1675 514 severitate
1708 488 1758 514 ac
1789 489 1909 529 saga-

279 549 406 590 citate
452 547 495 587 in
542 545 824 585 distinctionis
857 558 1109 585 scaenarum
1163 543 1345 584 rationes
1394 542 1622 595 inquirere.
1670 557 1723 583 ex
1770 542 1906 584 altera

283 625 404 672 parte
437 628 571 669 paene
604 619 768 654 certum
807 621 870 654 est
907 613 948 653 in
982 612 1148 653 scaenis
1180 611 1495 666 distinguendis
1521 611 1692 665 saepius
1726 611 1909 653 valuisse

282 685 487 733 rationes,
527 697 634 739 quas
666 681 786 722 nobis
827 682 869 722 in
902 696 1082 722 examen
1117 694 1270 721 vocare
1303 694 1385 720 non
1418 679 1502 720 iam
1534 679 1656 733 licet3
1707 680 1823 721 velut
1855 680 1908 721 ad

279 751 623 809 persuadendum
663 749 929 805 aptissimum
969 758 1052 800 est,
1092 749 1205 806 quod
1238 748 1493 804 Spengelius
1524 747 1549 790 l.
1583 762 1618 789 c.
1653 747 1911 804 quibusdam

281 822 384 865 locis
415 819 729 860 distinctionem
761 832 1012 859 scaenarum
1046 833 1097 859 ex
1130 818 1300 858 mutatis
1335 816 1705 858 modulationibus
1739 817 1912 858 musicis

282 889 495 946 repetivit,
527 888 601 928 sed
633 887 846 941 quomodo
881 902 947 928 res
981 901 1081 928 sane
1114 886 1349 941 probabilis
1376 885 1638 940 argumentis
1670 884 1912 926 stabiliatur

282 975 364 1000 non
405 958 541 1000 video.
602 956 657 997 ad
702 963 890 996 nostram
923 961 1065 996 autem
1104 969 1191 995 rem
1232 963 1372 995 utrum
1420 953 1491 1007 qui
1532 967 1709 994 scaenas
1761 953 1914 994 discre-

282 1036 435 1069 verunt
467 1026 624 1082 ubique
663 1039 750 1065 rem
789 1038 869 1065 acu
910 1023 1129 1079 tetigerint
1150 1038 1285 1064 necne
1324 1023 1462 1062 minus
1496 1021 1690 1077 pertinet,
1724 1021 1799 1063 sed
1830 1022 1910 1063 hoc

283 1112 415 1138 unum
437 1093 719 1150 spectandum
752 1101 826 1143 est,
858 1108 962 1134 num
994 1094 1101 1133 forte
1130 1091 1387 1146 comparatis
1420 1090 1531 1130 inter
1549 1104 1592 1131 se
1618 1091 1911 1132 recensionum

283 1164 538 1207 testimoniis
570 1163 610 1203 in
644 1162 778 1203 altera
810 1173 905 1202 utra
930 1160 1177 1202 recensione
1200 1168 1482 1201 correctorem
1516 1175 1540 1200 a
1565 1159 1695 1200 veteri
1720 1159 1914 1216 bonaque

285 1233 489 1275 memoria
521 1232 573 1272 de
604 1231 816 1271 industria
856 1229 1103 1270 discessisse
1146 1228 1358 1283 possimus
1400 1235 1598 1270 statuere.
1661 1242 1796 1281 eaque
1828 1242 1915 1269 cor-

284 1301 459 1344 rectoris
491 1314 621 1355 opera
652 1299 696 1339 in
727 1298 770 1340 A
805 1298 1030 1338 manifesta
1061 1306 1133 1340 est.

405 1371 515 1413 Truc.
536 1368 583 1410 II
602 1369 623 1408 1
649 1374 743 1424 post
773 1367 1030 1420 colloquium
1057 1381 1153 1407 cum
1173 1365 1410 1407 Diniarcho
1437 1364 1627 1406 habitum
1655 1364 1912 1419 Astaphium

284 1440 374 1481 sola
418 1439 459 1479 in
509 1451 665 1477 scaena
710 1442 874 1476 restans
921 1441 1074 1476 cantat.
1153 1434 1312 1475 distant
1351 1441 1493 1475 autem
1539 1433 1580 1475 in
1624 1434 1916 1475 antecedentis

284 1523 464 1550 scaenae
496 1507 577 1547 fine
611 1512 650 1546 et
681 1504 801 1544 initio
834 1517 970 1544 novae
1002 1503 1270 1543 recensiones
1301 1502 1383 1543 ita:

399 1588 460 1628 B:
493 1586 602 1627 Redi
643 1599 743 1625 vero
787 1589 998 1623 actutum:
1041 1596 1119 1636 ego
1152 1581 1320 1622 interim
1352 1589 1392 1623 te
1422 1582 1537 1638 apud
1576 1597 1649 1623 vos
1681 1580 1910 1637 opperibor

781 1652 1274 1703 ZASTRAPHIVC.
1329 1649 1409 1705 {ft

493 1744 566 1787 Ha
596 1744 652 1785 ha
684 1743 740 1784 ha
770 1742 913 1783 hercle
945 1741 1089 1795 quievi
1131 1741 1232 1795 quia
1263 1741 1373 1782 intro
1404 1740 1509 1782 abiit
1541 1741 1683 1782 odium

283 1814 562 1858 Ambrosiani
594 1813 700 1853 haec
731 1811 894 1867 species
927 1818 1016 1851 est:

402 1894 512 1936 Redi
545 1907 645 1934 vero
677 1899 867 1933 actutum
890 1905 968 1945 ego
1001 1890 1168 1930 interim
1200 1889 1269 1929 hic
1293 1889 1407 1943 apud
1435 1904 1508 1931 vos
1540 1888 1781 1944 opperibor.
1810 1889 1819 1943 Η
1843 1887 1916 1928 Ha

833 1969 1043 2024 Requievi

403 2054 516 2108 Quia
545 2053 656 2093 intro
689 2050 794 2091 abiit
825 2049 970 2090 odium
1003 2064 1158 2090 meum.

403 2122 482 2163 Est
500 2121 618 2162 locus
644 2117 889 2174 gravissimi
913 2117 1126 2169 momenti,
1162 2116 1321 2173 quippe
1344 2116 1388 2156 in
1410 2129 1494 2169 quo
1518 2117 1709 2155 recensio
1742 2114 1916 2155 metrica

289 2207 383 2234 cum
428 2189 624 2231 scaenica
663 2188 890 2229 coniuncta
928 2186 993 2228 sit.
1034 2201 1131 2226 nam
1164 2185 1276 2241 quod
1323 2192 1471 2226 auctor
1515 2183 1773 2224 recensionis
1805 2183 1914 2224 Am·

291 2260 514 2302 brosianae
553 2258 605 2297 Ιια
643 2263 738 2313 post
772 2268 979 2310 personae
1020 2253 1205 2310 spatium
1245 2253 1394 2294 ultimo
1433 2266 1612 2293 scaenae
1650 2251 1673 2292 I
1705 2251 1729 2291 2
1777 2250 1918 2292 versui

290 2327 538 2384 applicavit,
570 2325 732 2379 duplici
752 2324 854 2364 fecit
877 2322 1064 2363 ratione:
1096 2322 1282 2377 primum
1306 2321 1419 2362 enim
1452 2321 1585 2362 noluit
1606 2334 1742 2361 novae
1767 2333 1918 2360 scenae

290 2396 456 2438 initium
495 2393 739 2442 admittere,
787 2391 861 2433 sed
893 2393 995 2445 quia
1032 2405 1212 2445 persona
1250 2404 1360 2444 quae
1397 2390 1481 2430 iam
1522 2398 1647 2429 antea
1685 2388 1726 2429 in
1764 2402 1919 2429 scaena

292 2463 544 2506 versabatur
583 2461 698 2515 loqui
728 2458 949 2515 pergebat,
975 2460 1155 2500 removit
1180 2459 1349 2500 titulum
1374 2471 1566 2506 scaenae,
1585 2458 1705 2497 cuius
1728 2456 1919 2511 legitima

292 2532 521 2575 auctoritas
560 2545 634 2585 per
672 2544 715 2570 se
755 2527 1018 2570 dubitatione
1057 2533 1260 2582 exempta
1298 2526 1462 2568 duobus
1501 2524 1766 2580 gravissimis
1806 2524 1918 2565 testi-

293 2601 445 2642 moniis
478 2614 651 2655 prorsus
691 2596 899 2652 singulari
941 2596 1065 2637 modo
1105 2594 1359 2635 vindicatur.
1430 2607 1529 2633 nam
1558 2606 1642 2633 non
1681 2591 1818 2632 solum
1849 2591 1918 2631 hic

294 2684 463 2726 quoque
495 2668 536 2708 in
570 2666 606 2708 Β
637 2668 861 2721 σημείωσις
891 2664 983 2713 illa,
1017 2677 1103 2717 qua
1134 2663 1302 2704 cantica
1334 2660 1637 2716 insigniuntur,
1670 2666 1810 2709 extat,
1844 2657 1918 2700 sed

293 2737 471 2793 virgulis
510 2735 588 2779 VL
629 2734 742 2775 felici
791 2747 893 2773 casu
925 2730 1168 2787 exemplum
1212 2738 1382 2786 praesto
1424 2738 1486 2770 est
1524 2728 1676 2769 veteris
1717 2742 1917 2769 versuum

293 2804 620 2862 computationis
643 2801 997 2851 stichometricae,
1021 2802 1140 2842 cuius
1163 2799 1344 2840 alterum
1366 2798 1667 2839 documentum
1693 2811 1746 2837 ex
1769 2795 1917 2837 eodem

295 2874 441 2916 codice
473 2873 514 2913 in
546 2872 628 2912 fine
661 2884 841 2912 scaenae
873 2868 1113 2911 Trinummi
1146 2867 1248 2908 11²1
1290 2866 1331 2907 in
1366 2865 1504 2907 lucem
1536 2864 1795 2906 Ritschelius
1826 2876 1918 2917 pro-

294 2942 438 2984 traxit.
481 2940 723 2995 significant
746 2939 871 2987 enim,
896 2946 938 2978 ut
963 2937 1170 2978 Dziatzko
1193 2936 1305 2991 (αηη.
1322 2935 1423 2989 phil.
1449 2932 1675 2975 CXXVII
1701 2948 1739 2987 p.
1759 2933 1809 2972 (31
1834 2931 1916 2987 sq.)
