2020 3278
887 164 936 205 17

100 301 208 346 Mus.
231 301 364 345 Rhen.
385 301 465 343 vol.
492 301 737 343 XXXVIII
761 317 800 358 p.
826 301 878 342 10
900 301 1138 343 certissima
1161 300 1457 343 emendatione
1475 317 1550 359 pro
1573 318 1617 343 ea
1639 304 1726 359 ipsa

104 371 184 426 (sic
223 370 275 426 P)
322 369 390 412 vel
436 371 523 426 ipsa
570 370 650 425 (sio
690 370 747 424 A)
791 369 961 424 scripsit
1001 384 1126 426 eapse.
1194 370 1301 411 haec
1352 385 1452 412 vero
1499 386 1584 412 vox
1631 386 1727 413 cum

100 437 335 480 bacchiaco
366 437 639 479 Ambrosiani
678 445 811 479 metro
844 452 927 479 non
960 440 1056 481 coit.
1109 440 1203 495 quis
1237 439 1367 494 igitur
1390 438 1651 481 dubitaverit
1675 439 1727 480 de

98 505 374 547 Ambrosiani
408 505 589 547 fraude?

157 573 302 616 Cistell.
328 574 374 616 II
407 575 443 624 1,
484 575 539 616 42
573 574 864 616 Palatinorum
896 589 1044 616 versus

213 643 337 684 Anne
360 651 406 684 ut
428 645 555 685 etiam
579 643 681 700 quid
705 642 953 684 consultura
982 644 1038 684 sis
1061 643 1193 684 sciam
1217 642 1351 685 MEL.
1375 643 1511 698 Perge
1534 643 1675 698 eloqui

95 725 192 767 quo,
225 711 353 753 modo
381 711 591 753 deleveris
618 719 673 762 ut,
692 710 794 766 quin
824 725 974 753 manus
1000 719 1149 767 poetae
1174 718 1520 768 repraesentetur
1547 727 1630 753 non
1657 712 1728 754 du-

96 779 211 822 bium
246 788 327 833 est,
361 780 415 822 ab
448 781 760 822 Ambrosianae
792 781 1051 821 recensionis
1083 786 1256 821 auctore
1293 781 1336 821 in
1375 781 1591 822 senarium
1631 794 1726 822 con-

94 856 256 891 tractus
305 857 386 903 est,
431 858 474 890 ut
522 858 561 891 et
591 852 713 890 sciam
745 849 907 899 deletis,
953 850 1005 889 sis
1036 849 1159 890 metri
1198 849 1338 904 gratia
1385 850 1427 890 in
1474 863 1511 890 es
1549 857 1724 901 mutato,

94 932 304 975 personae
325 919 558 960 mutatione
584 918 769 960 sublata:

210 985 335 1028 Anne
367 988 495 1028 etiam
528 987 632 1043 quid
665 986 910 1028 consultura
943 1000 987 1026 es
1019 998 1150 1041 perge
1182 984 1337 1040 eloqui.

91 1053 135 1094 in
167 1053 356 1095 absurda
395 1070 505 1111 quae
536 1055 636 1096 inde
667 1054 812 1096 evadit
844 1054 1052 1095 sententia
1081 1054 1115 1094 si
1139 1054 1233 1109 quis
1258 1067 1404 1094 casum
1426 1055 1566 1109 potius
1591 1069 1719 1110 quam

92 1121 315 1164 consilium
345 1124 666 1179 agnoscendum
696 1138 787 1165 esse
811 1123 995 1177 colligat)
1021 1136 1141 1163 suam
1165 1121 1247 1162 sibi
1278 1121 1433 1163 habeat
1456 1123 1720 1179 opinionem:

95 1205 174 1245 ego
225 1199 338 1232 certe
386 1207 557 1233 versum
604 1207 629 1233 a
674 1198 914 1234 correctore
955 1190 1233 1232 subornatum
1281 1205 1372 1232 esse
1421 1191 1511 1232 veri
1544 1190 1722 1232 similius

99 1259 287 1313 habebo,
328 1274 455 1317 quam
489 1268 533 1302 ut
572 1276 627 1302 ex
665 1259 938 1317 quadruplici
977 1260 1248 1302 librariorum
1289 1274 1431 1302 errore
1473 1275 1587 1302 mero
1621 1274 1724 1302 casu

92 1329 308 1370 senarium
341 1329 529 1371 evasisse
562 1329 750 1372 credam.

208 1396 265 1437 Hi
311 1396 397 1438 fere
444 1403 543 1439 sunt
590 1397 688 1450 loci,
738 1396 892 1453 quibus
940 1396 1213 1439 Ambrosiani
1261 1403 1475 1439 corrector
1520 1397 1722 1439 metricus

95 1464 400 1507 audacioribus
439 1464 666 1507 verborum
714 1466 1020 1508 mutationibus
1068 1481 1269 1507 versuum
1314 1480 1475 1521 genera
1523 1467 1724 1521 mutavit3

93 1533 208 1575 nolui
249 1535 359 1575 enim
401 1549 448 1575 eo
490 1534 712 1590 progredi,
754 1541 798 1575 ut
836 1549 907 1576 eos
940 1549 1109 1591 quoque
1149 1534 1262 1576 locos
1302 1534 1520 1588 afferrem,
1569 1535 1724 1592 quibus

91 1609 165 1644 aut
205 1610 341 1644 metra
389 1603 552 1644 incerta
597 1610 670 1644 aut
718 1603 1032 1660 discrepantiae
1071 1603 1367 1644 recensionum
1414 1610 1499 1644 tam
1542 1605 1726 1660 exiguae

91 1677 201 1724 sunt,
236 1680 281 1712 ut
312 1671 364 1712 de
397 1678 685 1713 correctorum
720 1673 995 1713 metricorum
1028 1671 1239 1712 industria
1269 1672 1420 1713 merito
1452 1671 1634 1716 dubites.

206 1739 428 1781 Palatinos
461 1740 669 1782 eiusmodi
701 1741 1020 1792 retractatione,
1064 1739 1234 1795 qualem
1273 1740 1315 1780 in
1348 1739 1387 1780 A
1419 1739 1725 1782 demonstravi-

94 1823 206 1860 mus,
265 1809 307 1848 in
354 1809 405 1849 iis
452 1809 602 1850 saltem
657 1809 870 1865 partibus,
922 1807 1076 1864 quibus
1116 1809 1380 1864 comparatio
1419 1823 1514 1850 cum
1546 1809 1724 1852 Ambro-

90 1876 210 1917 siano
247 1876 411 1917 institui
449 1883 596 1933 potest,
630 1891 766 1934 paene
803 1877 972 1918 omnino
1004 1876 1159 1918 liberos
1191 1891 1283 1918 esse
1315 1877 1568 1919 confirmare
1601 1893 1723 1935 posse

90 1943 195 1985 mihi
213 1944 380 1994 videor3
399 1960 496 1986 nam
515 1945 588 1986 ubi
606 1945 693 1987 fere
712 1946 764 1987 ab
777 1945 1053 1987 Ambrosiani
1070 1952 1186 1987 recta
1206 1960 1406 1987 versuum
1424 1946 1722 1989 distributione

93 2012 282 2054 Palatini
314 2013 492 2067 distant,
534 2015 637 2055 satis
676 2021 839 2056 constat
878 2029 972 2056 eam
1012 2014 1281 2070 potissimum
1320 2015 1526 2056 rationem
1566 2014 1722 2070 valere,

92 2089 136 2123 ut
180 2081 344 2123 librarii
375 2082 463 2123 sive
504 2081 664 2124 codicis
703 2083 926 2139 archetypi
964 2082 1054 2123 sive
1086 2083 1277 2138 ipsorum
1316 2082 1604 2125 Palatinorum
1653 2092 1725 2126 aut

90 2164 289 2192 versuum
320 2149 425 2191 fines
458 2150 727 2204 neglexerint
758 2158 832 2193 aut
864 2151 917 2193 ob
950 2152 1077 2206 spatii
1109 2151 1317 2192 rationem
1360 2151 1464 2193 duos
1497 2167 1646 2194 versus
1679 2155 1721 2196 in

90 2224 222 2259 unum
261 2219 564 2259 contraxerint,
614 2224 660 2260 ut
692 2233 826 2273 genus
852 2233 1051 2261 versuum
1084 2220 1126 2260 in
1156 2218 1193 2260 P
1215 2227 1422 2261 mutatum
1455 2221 1519 2273 sit,
1556 2221 1722 2264 duobus

92 2286 193 2328 locis
233 2286 406 2328 videtur
443 2286 605 2328 factum
645 2301 754 2338 esse,
803 2288 876 2344 qui
923 2295 1065 2329 tamen
1107 2302 1202 2328 cum
1237 2288 1412 2330 consilio
1459 2291 1582 2331 metri
1627 2305 1723 2332 con-

91 2354 296 2396 stituendi
342 2354 636 2396 incredibilem
676 2357 927 2397 correctoris
973 2355 1303 2412 imprudentiam
1352 2356 1598 2407 ostendunt,
1655 2374 1723 2401 ne-

92 2438 307 2480 quaquam
330 2422 663 2479 comparandam
686 2422 803 2465 illam
825 2438 922 2465 cum
946 2423 1139 2465 doctrina
1161 2424 1264 2478 eius,
1298 2425 1370 2481 qui
1394 2425 1722 2469 Ambrosianum

91 2493 383 2534 recensionem
416 2491 611 2535 confecit.

206 2560 332 2616 Epid.
365 2560 416 2601 21
451 2560 760 2603 Ambrosianus
792 2561 999 2616 proximis
1031 2560 1226 2603 versibus
1268 2562 1573 2604 convenienter
1611 2570 1721 2606 octo-

93 2629 260 2670 narium
291 2628 521 2670 iambicum
555 2629 748 2671 exhibet:

148 2717 152 2719 -
207 2696 525 2754 Voluptabilem
564 2697 666 2738 mihi
705 2697 901 2738 nuntium
932 2703 1004 2738 tuo
1035 2695 1223 2738 adventu
1263 2695 1463 2752 adportas
1495 2696 1718 2755 Thesprio.

97 2778 241 2806 versus
292 2765 420 2807 finem
473 2766 516 2807 in
562 2764 795 2821 archetypo
838 2764 1133 2806 Palatinorum
1189 2764 1384 2806 mutilum
1429 2764 1721 2808 infelicissima

94 2846 225 2890 opera
256 2841 470 2876 corrector
503 2834 678 2891 quidam
710 2834 771 2875 sic
801 2840 1042 2875 restaurare
1074 2833 1253 2874 studuit:

278 2901 598 2959 Voluptabilem
630 2901 734 2943 mihi
764 2903 959 2943 nuntium
992 2910 1063 2943 tuo
1096 2901 1284 2943 adventu
1315 2901 1519 2943 adtulisti.

94 2968 185 3010 Nec
216 2968 310 3027 plus
341 2970 521 3026 profecit
554 2970 675 3011 Stich.
707 2969 801 3012 314.
834 2970 916 3012 315

1496 3048 1516 3081 2
