2020 3278
1071 149 1124 190 78

281 302 305 328 a
337 301 422 343 qua
461 286 643 328 lectione
689 300 764 328 cur
805 285 1060 342 Spengelius
1100 285 1457 341 (Reformvorselcl.
1501 300 1540 340 p.
1581 285 1676 327 246.
1708 285 1810 341 389)
1847 301 1908 328 re-

281 354 454 395 cesserit
485 369 655 395 versum
689 353 866 394 alterum
899 353 1144 394 coniectura
1175 354 1235 394 sic
1267 361 1500 408 temptans:

335 422 455 464 Bene
487 422 611 463 dietis
644 422 727 462 tuis
759 421 801 462 in
834 420 1065 462 benefactis
1097 422 1221 462 aures
1255 435 1371 461 meae
1405 421 1614 462 auxilium
1648 421 1902 477 exposcunt,

282 490 500 532 Abraham
536 490 560 534 l.
593 504 628 533 e.
661 505 700 545 p.
735 490 814 530 195
846 504 891 531 se
921 489 1167 545 intellegere
1200 498 1347 545 negat3
1381 488 1455 529 sed
1487 488 1663 530 ostendit
1695 489 1835 539 illum,
1868 490 1909 530 ni

280 558 424 608 fallor,
463 557 577 612 quod
610 557 846 598 sententiae
887 556 1085 598 ultimum
1119 556 1294 598 verbum
1335 558 1441 596 vivas
1473 557 1592 597 initio
1631 557 1729 598 novi
1764 572 1909 598 versus

282 627 465 682 positum
505 626 559 667 ab
589 624 941 666 antecedentibus
989 625 1256 667 incommode
1298 632 1541 681 separatur,
1589 625 1630 666 id
1665 626 1777 681 quod
1809 640 1911 667 sane

281 694 625 750 probabilitatem
666 693 955 748 discriptionis
997 709 1021 734 a
1060 694 1355 736 Studemundo
1403 693 1625 734 institutae
1672 694 1909 749 paullulum

280 763 504 805 imminuit.
565 761 639 803 sed
672 769 816 803 utrum
857 763 947 803 eius
979 762 1205 804 lectionem
1237 763 1414 817 probes,
1456 777 1510 802 an
1545 776 1640 803 cum
1672 761 1910 804 Ritschelio

281 830 594 886 Spengelioque
638 844 786 871 versus
816 830 969 885 prioris
1001 830 1127 871 finem
1159 829 1396 870 constituas
1438 830 1601 881 ,faciasz
1646 831 1728 871 mei
1770 830 1910 871 memi-

281 899 406 949 neris,
440 898 541 939 dum
583 898 714 939 vitam
747 898 881 938 vivas‘
921 898 1148 952 versuique
1191 898 1430 951 insequenti
1473 898 1555 939 alio
1595 899 1746 954 quovis
1787 898 1912 940 modo

284 967 496 1017 consulas,
529 966 584 1007 ad
617 975 804 1008 nostram
837 981 925 1007 rem
957 967 1133 1008 minoris
1168 976 1230 1007 est
1262 966 1476 1008 momenti.
1525 975 1567 1006 at
1596 966 1639 1006 in
1671 966 1708 1007 P
1741 981 1816 1022 pro
1849 982 1910 1008 ea:-

274 1043 442 1093 poscunt
474 1043 697 1077 exaratum
730 1042 793 1075 est
824 1035 1086 1090 avposmlam,
1119 1035 1247 1091 quod,
1281 1049 1377 1076 cum
1411 1034 1569 1090 ubique
1601 1035 1911 1091 significatione

281 1104 569 1159 conquerendi
610 1103 884 1153 adhibeatur,
931 1104 1156 1144 Abraham
1197 1104 1222 1147 l.
1255 1120 1290 1145 e.
1325 1119 1364 1158 p.
1400 1105 1480 1145 194
1511 1119 1573 1159 sq.
1616 1102 1670 1144 ab
1711 1104 1786 1144 hoc
1821 1103 1911 1144 loeo

281 1174 466 1215 alienum
489 1187 580 1214 esse
604 1172 925 1221 demonstravit,
957 1171 1242 1227 Niemeyerus
1266 1188 1305 1227 p.
1330 1172 1384 1213 20
1415 1173 1594 1214 fortasse
1617 1186 1639 1213 e
1664 1171 1910 1213 recensione

281 1242 457 1283 metrica
509 1249 656 1282 natum
707 1255 799 1282 esse
850 1240 984 1290 dixit,
1036 1240 1311 1296 comprobato
1358 1241 1556 1282 nimirum
1602 1256 1626 1281 a
1673 1249 1911 1282 correctore

281 1310 522 1367 septenario
555 1310 786 1360 trochaice,
820 1324 945 1367 quem
979 1310 1241 1351 Ritschelius
1274 1310 1430 1351 edidit:

338 1380 452 1420 Be'ne
483 1379 608 1420 dictis
640 1381 721 1420 tuis
747 1378 855 1420 bene
886 1379 999 1419 facta
1031 1380 1156 1420 aures
1189 1393 1308 1419 meae
1334 1378 1542 1419 auxilium
1565 1377 1856 1433 expostulant.

281 1448 353 1503 qui
385 1447 420 1488 si
451 1448 493 1488 in
526 1446 746 1488 codicibus
779 1462 948 1502 quoque
980 1448 1197 1503 integrum
1231 1463 1400 1489 versum
1433 1447 1646 1502 expleret,
1685 1446 1737 1487 de
1769 1460 1910 1487 reeen-

281 1517 397 1558 sione
429 1516 605 1557 metrica
646 1530 730 1556 non
762 1515 1023 1568 dubitarem3
1073 1517 1146 1558 sed
1178 1517 1279 1571 quia
1310 1517 1353 1557 in
1383 1515 1422 1556 Β
1455 1517 1665 1556 benedictis
1703 1515 1911 1570 superiori

281 1585 423 1627 versui
446 1584 696 1626 adiunctum
737 1591 800 1625 est
836 1594 876 1625 et
908 1600 932 1625 a
964 1587 1040 1625 tuis
1080 1600 1214 1626 novus
1240 1600 1386 1626 versus
1410 1584 1558 1639 incipit
1571 1585 1621 1639 ¹),
1653 1583 1912 1638 omninoque

281 1655 469 1711 genuina
510 1669 712 1695 versuum
752 1653 972 1709 discriptio
1012 1668 1087 1709 per
1120 1654 1319 1695 undecim
1362 1668 1507 1694 versus
1548 1667 1683 1708 paene
1724 1653 1912 1702 evanuit,

282 1729 563 1765 correctorem
606 1737 650 1763 re
690 1737 791 1763 vera
823 1723 1110 1779 septenarium
1153 1722 1417 1764 trochaicum
1458 1721 1656 1762 ficturum
1695 1721 1824 1762 fuisse
1863 1735 1911 1762 eo

282 1792 421 1833 minus
453 1797 568 1832 certo
600 1789 858 1832 contendere
895 1806 1144 1847 possumus,
1194 1789 1308 1845 quod
1351 1789 1643 1831 diversitatem
1676 1789 1911 1845 scripturae

282 1861 411 1902 etiam
441 1874 495 1900 ex
526 1858 692 1900 scribae
723 1873 864 1900 errore
896 1859 1031 1914 repeti
1073 1874 1196 1914 posse
1235 1859 1555 1900 concedendum
1595 1865 1681 1911 est3
1729 1858 1770 1898 in
1803 1872 1911 1899 com-

282 1929 546 1986 parationem
593 1929 737 1969 vocari
785 1935 962 1984 possunt
1002 1928 1148 1968 Pseud.
1181 1927 1284 1969 389:
1339 1926 1520 1977 ,adduce
1567 1926 1781 1967 hominem
1827 1925 1911 1967 hue

283 1998 406 2039 cito⁴
438 1999 491 2048 A,
536 1996 760 2051 ‚celeriter‘
785 1995 834 2046 P,
882 1996 953 2038 ubi
1001 1996 1053 2037 de
1101 1996 1346 2037 recensione
1393 1996 1565 2036 minime
1612 1994 1910 2051 cogitandum3

283 2069 411 2123 Epid.
442 2067 524 2109 487
557 2066 815 2117 ‚destinavit‘
846 2066 904 2115 A,
936 2065 1066 2118 ‚emit‘
1095 2064 1134 2106 B
1165 2064 1255 2105 sine
1287 2071 1431 2106 metrO.

399 2135 522 2177 Stich.
555 2135 638 2177 373

340 2205 400 2246 A:
434 2203 565 2248 Venit
595 2203 783 2257 inquam.
806 2202 823 2259 ΙΙ
845 2202 954 2243 tutin
987 2201 1103 2257 ipsus
1136 2202 1276 2256 ipsum
1310 2199 1482 2243 vidisti?
1505 2200 1522 2257 ΙΙ
1545 2200 1707 2242 lubens.

340 2274 398 2315 P:
432 2273 563 2315 Venit
594 2273 780 2327 inquam.
803 2272 820 2329 Η
843 2279 918 2313 tun
950 2287 1046 2313 eum
1077 2272 1217 2328 ipsum
1250 2271 1422 2312 vidisti?
1445 2271 1459 2327 Η
1483 2271 1542 2312 ita
1573 2286 1652 2326 ego
1683 2270 1846 2312 lubens.

285 2342 447 2386 Versus
494 2342 536 2382 in
574 2341 610 2381 P
649 2341 855 2383 audacter
900 2347 1153 2382 retractatus
1200 2348 1272 2382 est.
1333 2349 1522 2381 attamen
1569 2354 1665 2381 cum
1712 2348 1781 2380 tun
1826 2355 1913 2380 enm

285 2411 555 2453 coniecturae
596 2425 769 2465 prorsus
802 2409 971 2465 vulgari
1003 2408 1230 2458 debeatur,
1276 2410 1334 2449 *ita
1366 2424 1434 2463 690
1466 2409 1600 2449 lubens
1639 2408 1783 2449 stilum
1815 2421 1912 2448 vere

286 2479 535 2521 Plautinum
568 2480 626 2519 ita
658 2479 783 2535 sapit,
817 2485 863 2519 ut
894 2478 968 2518 vix
990 2477 1093 2517 mihi
1120 2477 1377 2532 persuadere
1401 2477 1622 2531 potuerim,
1656 2491 1707 2517 ex
1740 2476 1913 2532 ingenio

286 2547 536 2590 correctoris
581 2547 708 2588 talem
757 2547 1046 2588 coniecturam
1091 2545 1278 2586 fluxisse.
1360 2546 1433 2586 sed
1482 2545 1684 2601 quoniam
1725 2560 1749 2585 a
1795 2543 1912 2585 nulla

286 2624 408 2672 parte
455 2616 767 2658 Ambrosianus
813 2615 1092 2656 offensionem
1138 2613 1334 2669 praebet,
1382 2622 1446 2654 sat
1498 2614 1674 2667 antiquo
1721 2620 1912 2668 tempore

288 2685 563 2726 mutationem
596 2684 766 2739 egregie
798 2683 1016 2725 inventam
1049 2682 1208 2723 factam
1247 2696 1338 2722 esse
1370 2682 1594 2723 credamus
1635 2695 1807 2722 necesse
1839 2687 1912 2722 est.

290 2753 460 2796 videtur
491 2760 636 2795 autem
668 2760 764 2806 post
795 2752 1089 2793 recensionem
1128 2751 1286 2791 factam
1326 2750 1584 2805 archetypus
1617 2749 1912 2790 Palatinorum

406 2913 432 2956 ¹)
460 2911 564 2945 Unde
580 2911 699 2956 possis
717 2911 830 2945 etiam
847 2911 1026 2951 conicere,
1052 2910 1253 2944 correct-ori
1271 2909 1405 2943 inscito
1423 2919 1510 2942 sane
1527 2908 1709 2952 placuisse
1726 2907 1910 2941 senarium

599 2966 688 3001 Tuis
713 2967 907 3001 benefacta
932 2968 1038 3000 aures
1063 2977 1163 3000 meae
1189 2967 1367 3000 auxilium
1395 2964 1642 3010 expestulant.
