2020 3278
999 137 1139 203 ‚EQ
1165 199 1171 201 ,

252 278 404 335 pagari
445 277 707 326 videremus,
754 290 877 317 omne
917 275 1104 316 studium
1146 274 1188 314 in
1236 288 1284 315 eo
1318 273 1558 329 posuimus,
1606 277 1652 313 ut
1683 271 1878 313 codicum

257 345 531 396 testimoniis,
578 351 788 400 quatenus
829 345 868 385 in
912 343 1051 384 verbis
1093 342 1259 384 traditis
1298 340 1600 391 discedebant,
1651 340 1879 395 diligenter

255 415 466 471 congestis
499 421 540 455 et
574 413 712 455 sobrie
748 411 1007 468 comparatis
1031 419 1180 466 poetae
1212 409 1353 452 verbis
1373 409 1679 451 constituendis
1712 409 1879 450 firmum

252 485 577 527 fundamentum
604 482 960 531 substrueremus,
994 480 1141 522 sedulo
1172 479 1214 520 id
1247 487 1460 529 caventes,
1491 493 1544 520 ne
1574 477 1877 533 praeoccupati

255 552 457 595 doctrinis
501 552 551 593 de
588 566 632 592 re
673 550 961 592 indicaremus
1004 549 1066 590 vel
1107 549 1291 589 incertas
1331 547 1551 602 opiniones
1591 561 1879 601 sequeremur.

254 623 336 664 hoc
358 622 509 663 itinere
532 619 841 676 pedetemptim
865 618 1143 674 procedentes
1166 633 1214 658 eo
1233 616 1520 673 pervenimuS,
1546 622 1590 656 ut
1614 616 1717 657 baec
1745 615 1797 656 de
1821 629 1880 656 re-

255 691 502 733 censionum
525 688 774 730 condicione
800 696 1056 729 statuamus:
1090 702 1114 728 a
1145 685 1357 728 communi
1384 685 1605 741 utriusque
1628 683 1882 726 recensionis

256 759 490 814 archetypo
522 757 811 799 Ambrosiana
844 757 1032 798 recensio
1065 756 1197 797 multo
1229 756 1398 811 longius
1431 753 1569 803 abest,
1603 768 1729 810 quam
1764 753 1882 794 Pala-

256 828 358 869 tina.
393 842 492 868 nam
526 841 635 881 quae
666 833 837 881 praeter
869 824 999 866 verba
1037 832 1188 880 poetae
1225 824 1294 866 ille
1339 822 1583 864 continebat
1626 822 1883 864 documenta

257 896 310 938 ad
342 896 529 937 actiones
555 895 772 936 scaenicas
794 893 1049 949 pertinentia
1082 900 1119 933 et
1143 893 1196 933 ad
1229 891 1493 947 exemplaria
1515 891 1701 941 histriea,
1725 891 1880 948 quibus

254 965 349 1007 unis
381 971 526 1006 nostra
545 962 788 1005 fabularum
812 962 1106 1004 Plautinarum
1139 961 1343 1003 memoria
1365 961 1525 1011 nititur,
1558 960 1794 1010 redeuntia,
1828 974 1878 1002 ea

255 1032 398 1076 omnia
423 1041 510 1074 tam
542 1031 745 1073 audacter
785 1046 914 1087 quam
952 1037 1195 1072 constanter
1227 1029 1397 1070 sustulit
1439 1036 1588 1071 auctor
1625 1029 1883 1071 recensionis

258 1102 583 1145 Ambrosianae.
645 1101 826 1142 removit
867 1099 979 1142 enim
1010 1114 1086 1154 per
1129 1105 1263 1140 totum
1297 1113 1453 1153 corpus
1487 1098 1728 1140 fabularum
1760 1097 1885 1139 Plau·

258 1172 443 1213 tinarum
477 1170 701 1212 semeiosin
735 1169 868 1219 illam,
911 1183 995 1226 qua
1027 1168 1194 1209 cantica
1226 1174 1265 1209 et
1297 1166 1489 1208 diverbia
1531 1166 1885 1224 insigniebantur,

258 1240 439 1283 removit
468 1240 632 1281 litteras
664 1239 876 1289 Graecas,
917 1238 1070 1294 quibus
1102 1236 1317 1291 quomodo
1356 1236 1465 1277 inter
1497 1244 1660 1276 actores
1691 1235 1885 1291 singulae

259 1317 402 1367 partes
441 1308 759 1350 distribuendae
792 1314 950 1355 essent,
999 1305 1290 1355 indicabatur,
1332 1306 1513 1346 removit
1545 1318 1796 1345 scaenarum
1828 1303 1885 1344 in-

259 1379 536 1436 scriptionum
565 1379 747 1419 formam
779 1375 1134 1432 antiquissimam,
1167 1388 1352 1429 quacum
1386 1373 1458 1414 illa
1481 1373 1697 1414 semeiosis
1730 1372 1888 1429 ubique

259 1449 348 1489 fere
403 1447 629 1489 coniuncta
673 1452 759 1495 est,
809 1444 1063 1501 induxitque
1111 1443 1365 1484 admiranda
1410 1443 1602 1497 profecto
1648 1441 1886 1483 constantia

266 1516 478 1558 noviciam
511 1530 591 1556 non
626 1515 716 1556 sine
748 1528 904 1569 magna
935 1512 1129 1554 mutandi
1162 1511 1354 1554 audacia.
1401 1525 1652 1552 scaenarum
1684 1510 1888 1551 distincti-

264 1598 387 1626 onem
430 1598 513 1625 non
553 1583 732 1625 eandem
775 1582 963 1623 servavit
1006 1597 1134 1638 quam
1173 1581 1433 1636 archetypus
1466 1579 1635 1629 habuit,
1685 1577 1760 1620 sed
1792 1593 1888 1620 cum

265 1653 308 1694 in
340 1652 426 1703 illo,
459 1653 579 1694 cuius
611 1651 814 1693 memoria
848 1652 889 1691 in
929 1650 1176 1691 universum
1208 1664 1305 1690 cum
1343 1649 1425 1689 fide
1457 1648 1537 1689 liae
1569 1647 1739 1702 quidem
1772 1647 1814 1687 in
1846 1661 1890 1688 re

263 1721 476 1764 Palatinis
513 1728 876 1776 repraesentatur,
917 1733 1168 1760 scaenarum
1204 1717 1357 1759 divisio
1390 1732 1542 1773 parum
1575 1716 1701 1758 certis
1734 1715 1891 1757 normis

262 1790 585 1845 circumscripta
626 1796 735 1830 esset
768 1815 824 1819 ——
854 1787 1052 1828 nimirum
1098 1787 1139 1827 in
1190 1786 1368 1842 singulis
1406 1785 1584 1838 fabulis,
1634 1799 1685 1825 ex
1736 1783 1891 1840 quibus

263 1875 417 1916 corpus
454 1859 699 1901 fabularum
749 1856 1033 1912 compositum
1066 1865 1178 1905 erat,
1222 1855 1381 1895 diversi
1421 1854 1579 1895 domini
1618 1867 1800 1909 gregum
1832 1852 1890 1893 di-

264 1943 409 1970 versas
441 1928 626 1969 rationes
650 1925 941 1982 distinguendi
966 1924 1100 1965 secuti
1129 1933 1263 1973 erant,
1298 1938 1403 1981 quas
1427 1937 1509 1964 non
1540 1923 1720 1963 mutavit
1745 1928 1892 1962 auctor

264 1997 378 2039 illius
410 1995 633 2051 archetypi
666 2022 732 2046 -—,
775 2004 911 2035 certas
945 1994 1025 2035 hac
1056 1993 1095 2033 in
1130 2008 1174 2034 re
1207 1992 1284 2034 sibi
1329 2005 1569 2048 proponens
1603 1989 1717 2046 leges
1750 2004 1891 2046 saepe-

265 2080 441 2107 numero
476 2064 647 2105 sustulit
679 2078 787 2120 quae
820 2063 856 2104 ei
889 2063 1058 2104 inutiles
1093 2061 1347 2103 videbantur
1379 2073 1559 2101 scaenae
1591 2058 1814 2100 discretae.

379 2133 450 2174 Ad
474 2133 654 2174 eundem
678 2140 894 2174 auctorem
918 2132 1044 2172 etiam
1069 2139 1297 2172 metrorum
1328 2128 1672 2171 constitutionem
1693 2127 1891 2184 exemplo

267 2202 360 2251 illo,
401 2201 514 2258 quod
559 2216 610 2242 ex
659 2202 883 2241 'l‘ruculeuti
921 2215 1099 2241 scaenae
1141 2200 1190 2241 II
1224 2200 1243 2240 1
1293 2198 1567 2253 inscriptione
1608 2207 1647 2238 et
1685 2195 1894 2237 divisione

268 2270 439 2312 remotis
472 2269 648 2324 sumpsi,
682 2270 954 2310 manifestum
985 2269 1049 2318 fit:
1091 2284 1188 2309 nam
1232 2268 1303 2308 vix
1344 2268 1462 2309 casui
1494 2265 1656 2308 tribuas
1703 2264 1819 2320 quod
1850 2265 1894 2305 in

268 2340 416 2381 eadem
449 2353 623 2387 scaena,
674 2353 798 2394 quam
839 2337 1044 2392 superiori
1085 2337 1305 2378 coniunxit
1346 2351 1420 2391 per
1453 2335 1575 2376 metri
1619 2334 1893 2375 mutationem

267 2408 368 2450 satis
401 2407 563 2455 scitam,
596 2407 784 2461 integros
808 2420 1008 2447 versuum
1030 2405 1198 2446 ordines
1229 2406 1271 2445 in
1296 2419 1405 2445 nova
1438 2412 1572 2445 metra
1596 2402 1767 2444 redacta
1800 2415 1892 2443 esse

270 2476 479 2517 videmus
544 2474 753 2515 eiusmodi
799 2483 941 2514 autem
988 2472 1245 2514 recensionis
1292 2471 1489 2528 exempla
1535 2486 1663 2527 quam
1710 2469 1896 2511 maxime

267 2543 560 2586 memorabilia
591 2542 692 2584 alibi
724 2556 892 2598 quoque
923 2541 1209 2582 inveniuntur.

379 2612 495 2667 Quid
533 2612 574 2653 in
616 2612 678 2652 his
715 2609 932 2652 Palatini?
987 2609 1037 2650 dc
1077 2608 1231 2663 quibus
1262 2608 1386 2650 liceat
1424 2615 1613 2663 repetere
1660 2621 1768 2664 quae
1811 2607 1896 2649 iam

269 2697 398 2737 supra
422 2681 537 2723 brevi
561 2678 976 2735 comprehendinms.
1009 2678 1143 2718 multa
1167 2678 1209 2718 in
1227 2691 1275 2719 eo
1299 2677 1551 2719 semeioseos
1568 2676 1682 2718 illius
1699 2675 1898 2731 exempla

269 2757 512 2805 supersunt,
545 2748 678 2790 multa
709 2747 974 2790 Graecarum
1007 2747 1242 2789 litterarum
1275 2746 1469 2803 partibus
1503 2744 1807 2788 distribuendis
1837 2743 1895 2784 in—

269 2818 555 2860 servientium.
618 2817 835 2858 titulorum
877 2815 1161 2870 antiquissimi
1205 2814 1373 2871 generis
1420 2813 1618 2869 exempla
1665 2828 1747 2855 non
1787 2827 1897 2861 rara,

270 2886 517 2927 medioximi
550 2885 818 2934 creberrima,
852 2884 1132 2925 recentissimi
1165 2877 1280 2925 haud
1311 2884 1370 2924 ita
1402 2883 1548 2924 multa.
1598 2895 1683 2938 qua
1714 2880 1754 2921 in
1787 2894 1831 2921 re
1863 2878 1898 2920 si

271 2953 555 2998 deliberamus
586 2953 754 2998 fabulas
783 2952 1020 3004 Plautinas,
1056 2952 1203 3011 quales
1236 2967 1311 3008 per
1341 2950 1585 2994 Palatinam
1607 2948 1898 2991 recensionem
