2020 3278
1050 169 1103 211 54
1163 232 1183 234 ,⁷

264 308 397 362 (Pr-os.
435 307 566 347 I’lmd.
593 308 690 346 add.
724 322 764 361 p.
792 307 862 362 72)
897 323 978 348 non
1012 308 1151 349 minus
1185 307 1290 348 bene
1323 307 1644 359 demonstravit,
1679 325 1806 364 quam
1839 310 1892 351 ad

267 391 359 416 eam
413 374 719 415 restituendam
782 375 904 416 unice
965 376 1192 417 convenire
1248 374 1516 417 Fleckeiseni
1584 377 1892 420 coniecturam:

265 444 399 493 ‚Satin
431 452 476 485 ut
508 446 644 484 facete
677 458 837 498 aeque
869 452 996 498 atque
1027 460 1077 486 ex
1112 445 1279 500 pictura
1310 445 1470 486 astitit!

379 514 494 555 Most.
528 512 609 553 785
1090 513 1200 563 hem,
1233 513 1327 569 quis
1362 513 1430 554 11ἰο
1465 513 1651 555 nominat
1682 516 1778 557 me?

321 583 380 623 A:
412 581 500 622 Ero
531 596 679 622 servus
712 581 1039 623 multimodis
1071 582 1226 624 fidus.
1260 582 1269 636 ζ’
1299 581 1412 622 unde
1441 582 1506 624 is‘?

321 650 376 691 P:
409 650 496 691 Ero
528 664 675 691 servus
708 650 923 691 multum
957 664 1046 692 suo
1077 649 1278 690 fidelis.

267 721 372 760 unde
404 722 436 759 is
467 734 547 759 om.
581 718 629 768 P,
661 720 800 775 fidelis
831 734 912 760 om.
947 717 1039 767 OD,
1072 718 1258 759 servavit
1293 717 1336 759 B.
1378 717 1656 759 Ambrosiani
1689 718 1892 768 recensio,

268 788 309 829 in
342 803 425 844 qua
469 794 650 827 metrum
691 802 840 827 sanum
880 801 962 827 non
1004 795 1086 836 est,
1134 787 1323 828 numeris
1365 787 1425 827 sic
1465 787 1667 828 facillime
1709 787 1892 829 coerceri

264 857 394 899 alicui
427 856 642 897 videatur:

469 924 556 965 Ero
589 938 732 965 servos
765 923 909 964 multis
941 922 1078 964 modis
1109 923 1232 964 fidus.
1266 924 1275 979 Η
1306 923 1421 965 unde
1451 923 1516 964 is?

266 995 300 1035 si
333 1008 432 1035 vero
465 993 680 1041 videmus,
720 994 901 1033 formam
941 992 1188 1032 multimodis
1232 992 1375 1033 Bacch.
1407 991 1489 1032 385
1530 992 1619 1032 Mil.
1650 992 1750 1047 9lor.
1785 992 1895 1034 1190

265 1064 375 1104 Pers.
411 1062 491 1103 706
523 1058 679 1115 (neque
719 1067 943 1115 praeterea
982 1060 1099 1115 apud
1133 1060 1336 1102 Plautum
1374 1060 1609 1114 invenitur)
1650 1061 1894 1102 coniectura

265 1131 436 1172 demum
466 1136 764 1185 recuperatam
794 1143 898 1178 esse,
941 1143 1037 1169 cum
1069 1127 1231 1169 librarii
1256 1128 1550 1169 Palatinorum
1582 1128 1738 1183 ubique
1762 1129 1896 1170 multis

266 1201 394 1241 modis
425 1198 717 1247 exaraverint,
756 1197 944 1251 itemque
986 1196 1106 1238 Stich.
1141 1197 1223 1238 684
1255 1198 1434 1238 omnibus
1463 1198 1593 1238 modis
1623 1197 1665 1238 in
1697 1197 1739 1238 A
1771 1204 1813 1238 et
1843 1197 1893 1247 P,

274 1269 380 1309 Trite.
414 1267 492 1309 931
543 1268 654 1307 miris
700 1268 828 1307 modis
860 1266 1065 1321 scriptum
1112 1280 1201 1306 esse
1234 1280 1310 1320 pro
1357 1267 1612 1314 omnimodis,
1658 1267 1892 1315 mirimodis,

267 1352 375 1392 quae
394 1338 556 1377 formae
583 1342 715 1376 metro
738 1335 1025 1388 requiruntur,
1048 1334 1191 1375 nescio
1221 1349 1274 1375 an
1306 1334 1457 1375 rationi
1484 1341 1707 1389 repugnet,
1741 1335 1773 1375 si
1798 1335 1892 1389 quis

265 1406 390 1448 unico
422 1405 526 1457 loco,
560 1403 633 1445 ubi
664 1404 910 1444 multimodis
940 1402 1146 1444 traditum
1186 1409 1269 1452 est,
1317 1403 1427 1444 hanc
1463 1403 1646 1444 formam
1691 1404 1893 1445 rariorem

267 1490 319 1516 ex
363 1472 530 1528 vulgari
572 1473 708 1513 mzdtis
748 1473 875 1512 modis
919 1478 1164 1526 corruptam
1207 1486 1298 1512 esse
1340 1471 1582 1515 contendat.
1633 1472 1706 1512 sed
1750 1471 1898 1513 redeat

266 1543 398 1584 nihilo
430 1541 570 1582 minus
601 1540 894 1582 Ambrosiana
925 1539 1116 1580 recensio
1149 1539 1203 1580 ad
1236 1539 1368 1579 multis
1426 1541 1554 1580 modis
1582 1541 1712 1593 sidus:
1743 1554 1895 1588 nonne,

267 1612 300 1652 si
333 1612 443 1652 hanc
467 1610 722 1664 scripturam
756 1624 853 1649 cum
875 1607 1171 1650 Palatinorum
1204 1607 1407 1649 memoria
1440 1608 1608 1648 multum
1628 1608 1757 1660 fidelis
1788 1622 1896 1649 com-

269 1694 489 1736 paramus,
536 1678 629 1733 ipsa
667 1677 865 1733 exempla
905 1691 1014 1731 quae
1054 1691 1184 1731 supra
1223 1676 1346 1717 attuli
1386 1676 1425 1716 in
1468 1676 1801 1717 Ambrosianum
1832 1691 1896 1718 su-

267 1749 500 1803 spicionem
533 1746 871 1801 interpolationis
904 1747 1143 1794 conferunt,
1184 1746 1435 1800 praesertim
1476 1760 1573 1786 cum
1605 1745 1784 1787 eandem
1816 1745 1897 1787 elo-

267 1817 479 1857 cutionem
512 1816 639 1856 etiam
671 1815 721 1864 ei,
762 1814 834 1868 qui
862 1821 956 1868 post
982 1814 1132 1854 Bacchi.
1157 1814 1238 1854 507
1266 1829 1437 1855 versum
1470 1829 1562 1870 ,ego
1594 1814 1732 1855 istanc
1752 1814 1896 1855 multis

265 1885 448 1926 ulciscar
479 1883 631 1925 modis‘
664 1882 953 1938 interpolavit,
994 1882 1205 1938 placuisse
1237 1881 1489 1923 videamus?
1529 1882 1600 1936 qui
1638 1896 1735 1923 vero
1767 1883 1897 1923 multi-

269 1955 393 1994 modis
434 1967 518 1993 non
557 1951 737 1992 credunt
774 1951 1043 1992 librariorum
1083 1964 1224 1991 errore
1263 1957 1511 2005 corruptum
1549 1965 1640 1992 esse
1679 1965 1730 1991 ex
1766 1951 1898 1991 multis

269 2023 417 2070 modis,
466 2034 561 2060 cum
599 2019 836 2060 Ritschelio
875 2018 1192 2060 Ambrosianae
1242 2019 1497 2060 recensionis
1543 2034 1712 2060 versum
1752 2018 1898 2059 addito

266 2106 346 2140 suo,
380 2104 463 2143 quo
486 2103 611 2144 aegre
644 2103 852 2137 caremus,
887 2088 947 2129 sic
978 2087 1353 2143 redintegrabunt:

380 2158 466 2199 Ero
499 2172 643 2198 servos
675 2156 937 2198 multimodis
972 2157 1048 2197 si‘io
1079 2155 1202 2197 fidus.
1235 2158 1243 2187 ’ἕ
1275 2155 1387 2197 unde
1419 2155 1485 2198 is‘?
1507 2155 1540 2211 ¹)

1234 2191 1243 2211 1]

268 2227 340 2268 sed
371 2241 422 2267 ne
455 2226 561 2267 haec
585 2225 755 2279 quidem
781 2240 927 2266 versus
959 2226 1095 2265 forma
1119 2224 1376 2277 gravissima
1400 2224 1633 2265 offensione
1656 2223 1791 2265 libera
1813 2230 1896 2273 est3

268 2295 424 2336 etenim
443 2302 541 2335 ante
561 2308 780 2334 caesuram
809 2293 1043 2334 tetrametri
1070 2292 1291 2334 bacchiaci
1310 2293 1487 2334 alteram
1520 2292 1695 2334 secundi
1729 2291 1895 2333 bacchii

267 2362 477 2418 syllabam
523 2362 697 2417 longam
744 2362 785 2402 in
833 2362 940 2402 duas
981 2361 1131 2403 breves
1172 2361 1283 2402 solvi
1316 2368 1389 2402 aut
1434 2361 1606 2402 omnino
1646 2375 1722 2416 per
1761 2367 1896 2401 artem

266 2432 510 2472 Plautinum
560 2446 639 2472 non
689 2430 806 2479 licet,
853 2438 926 2471 aut
966 2430 1181 2471 rarissime
1223 2445 1246 2470 a
1280 2438 1405 2485 poeta
1443 2429 1675 2470 admissum
1710 2436 1794 2479 est3
1841 2429 1894 2469 cf.

267 2499 503 2554 Seyffcrtus
537 2500 585 2539 de
617 2499 745 2538 hareb.
779 2513 873 2539 vers.
906 2514 977 2538 usu
1011 2499 1146 2539 Plaut.
1181 2513 1220 2553 p.
1252 2497 1327 2547 213
1360 2497 1682 2540 Studemundus
1704 2496 1894 2538 Zeitschr.

269 2569 299 2619 f.
325 2570 363 2611 d.
390 2568 628 2623 Gymnell'.
654 2566 823 2608 XVIII
858 2582 897 2621 p.
921 2567 1014 2609 539.
1078 2566 1230 2608 deinde
1263 2566 1489 2621 quominus
1521 2567 1757 2607 onmimodis
1788 2566 1896 2605 inter

268 2645 417 2692 poetae
456 2635 587 2677 verba
619 2635 848 2690 recipiatur
881 2635 961 2677 1100
983 2634 1137 2684 obstat,
1170 2634 1282 2689 quod
1316 2649 1413 2676 cum
1436 2633 1577 2675 verbis
1600 2633 1894 2675 tantummodo

381 2762 407 2804 ¹)
432 2760 550 2805 Quam
575 2763 703 2804 postea
727 2761 813 2801 (ind.
839 2761 943 2794 schol.
963 2760 1071 2794 Bonn.
1099 2760 1185 2794 1856
1210 2761 1282 2803 124
1300 2775 1342 2786 =
1370 2758 1433 2803 Op.
1451 2757 1508 2792 ΙΙΙ
1531 2770 1564 2802 p.
1581 2758 1662 2801 344)
1694 2758 1893 2793 lectionem

266 2817 462 2862 proposuit
499 2817 708 2850 multimodis
740 2818 797 2861 qui
830 2817 929 2861 fidu-s·
968 2823 1083 2856 unum,
1122 2827 1166 2850 ex
1204 2815 1297 2849 salsa
1337 2815 1382 2848 de
1420 2814 1661 2849 Ambrosiani
1711 2814 1894 2858 scriptura

268 2875 442 2918 opinione
483 2873 634 2917 prodiit.
673 2873 799 2906 eadem
834 2873 936 2906 nisus
978 2872 1217 2916 Niemeycrus
1243 2872 1288 2905 de
1321 2871 1499 2905 hocloco
1542 2871 1629 2915 egit,
1672 2882 1892 2915 quamquam

268 2929 545 2964 Studemundus
572 2929 645 2963 iam
670 2929 707 2962 in
734 2929 899 2962 emendat.
927 2930 1044 2963 Plauc.
1070 2929 1188 2973 (1870)
1211 2940 1245 2972 p.
1270 2929 1310 2963 14
1336 2927 1417 2962 adn.
1443 2929 1464 2961 8
1489 2927 1646 2969 dixerat,
1674 2927 1712 2961 in
1729 2927 1765 2961 A
1790 2926 1890 2961 lucu-

265 2985 383 3020 lenter
415 2985 487 3031 legi
515 2986 603 3018 unde
630 2986 667 3019 ix.
