<?xml version="1.0" encoding="UTF-8"?>
<!DOCTYPE html PUBLIC "-//W3C//DTD XHTML 1.0 Transitional//EN"
    "http://www.w3.org/TR/xhtml1/DTD/xhtml1-transitional.dtd">
<html xmlns="http://www.w3.org/1999/xhtml" xml:lang="en" lang="en">
 <head>
  <title>
</title>
<meta http-equiv="Content-Type" content="text/html;charset=utf-8" />
  <meta name='ocr-system' content='tesseract 3.04.00' />
  <meta name='ocr-capabilities' content='ocr_page ocr_carea ocr_par ocr_line ocrx_word'/>
</head>
<body>
  <div class='ocr_page' id='page_1' title='image "./deplautifabularu00baieuoft_0133.png"; bbox 0 0 2020 3278; ppageno 0'>
   <div class='ocr_carea' id='block_1_1' title="bbox 58 139 1688 386">
    <p class='ocr_par' dir='ltr' id='par_1_1' title="bbox 58 139 1688 386">
     <span class='ocr_line' id='line_1_1' title="bbox 743 139 1009 206; baseline 0.008 -3"><span class='ocrx_word' id='word_1_1' title='bbox 743 139 1009 206; x_wconf 14' lang='lat' dir='ltr'>‚iffi-¹7„—</span> 
     </span>
     <span class='ocr_line' id='line_1_2' title="bbox 60 275 1688 332; baseline 0.001 -15"><span class='ocrx_word' id='word_1_2' title='bbox 60 275 235 331; x_wconf 89' lang='lat' dir='ltr'>Lydum</span> <span class='ocrx_word' id='word_1_3' title='bbox 267 282 419 318; x_wconf 89' lang='lat' dir='ltr'>vocat‘.</span> <span class='ocrx_word' id='word_1_4' title='bbox 479 277 590 317; x_wconf 66' lang='lat' dir='ltr'>Pers.</span> <span class='ocrx_word' id='word_1_5' title='bbox 621 277 704 320; x_wconf 86' lang='lat'>595</span> <span class='ocrx_word' id='word_1_6' title='bbox 741 277 854 327; x_wconf 91' lang='lat' dir='ltr'>‚vide</span> <span class='ocrx_word' id='word_1_7' title='bbox 894 277 969 319; x_wconf 87' lang='lat' dir='ltr'>sis:</span> <span class='ocrx_word' id='word_1_8' title='bbox 1011 291 1090 332; x_wconf 83' lang='lat' dir='ltr'>ego</span> <span class='ocrx_word' id='word_1_9' title='bbox 1130 276 1200 318; x_wconf 91' lang='lat' dir='ltr'>illc</span> <span class='ocrx_word' id='word_1_10' title='bbox 1232 276 1382 318; x_wconf 86' lang='lat' dir='ltr'>doctus</span> <span class='ocrx_word' id='word_1_11' title='bbox 1425 277 1521 318; x_wconf 84' lang='lat' dir='ltr'>leno</span> <span class='ocrx_word' id='word_1_12' title='bbox 1552 292 1688 332; x_wconf 85' lang='lat' dir='ltr'>paene</span> 
     </span>
     <span class='ocr_line' id='line_1_3' title="bbox 58 344 500 386; baseline 0.002 -1"><span class='ocrx_word' id='word_1_13' title='bbox 58 344 101 385; x_wconf 92' lang='lat' dir='ltr'>in</span> <span class='ocrx_word' id='word_1_14' title='bbox 134 345 301 386; x_wconf 83' lang='lat' dir='ltr'>foveam</span> <span class='ocrx_word' id='word_1_15' title='bbox 333 344 500 386; x_wconf 86' lang='lat' dir='ltr'>decidi‘.</span> 
     </span>
    </p>
   </div>
   <div class='ocr_carea' id='block_1_2' title="bbox 56 422 1688 683">
    <p class='ocr_par' dir='ltr' id='par_1_2' title="bbox 56 422 1688 683">
     <span class='ocr_line' id='line_1_4' title="bbox 169 422 1685 481; baseline 0.003 -18"><span class='ocrx_word' id='word_1_16' title='bbox 169 422 251 464; x_wconf 90' lang='lat' dir='ltr'>His</span> <span class='ocrx_word' id='word_1_17' title='bbox 284 438 411 477; x_wconf 85' lang='lat' dir='ltr'>quam</span> <span class='ocrx_word' id='word_1_18' title='bbox 443 423 692 465; x_wconf 86' lang='lat' dir='ltr'>brevissime</span> <span class='ocrx_word' id='word_1_19' title='bbox 731 424 936 466; x_wconf 80' lang='lat' dir='ltr'>absolutis</span> <span class='ocrx_word' id='word_1_20' title='bbox 976 424 1059 465; x_wconf 90' lang='lat' dir='ltr'>iam</span> <span class='ocrx_word' id='word_1_21' title='bbox 1092 423 1355 479; x_wconf 87' lang='lat' dir='ltr'>intellegitur</span> <span class='ocrx_word' id='word_1_22' title='bbox 1397 439 1473 481; x_wconf 89' lang='lat' dir='ltr'>per</span> <span class='ocrx_word' id='word_1_23' title='bbox 1505 439 1549 466; x_wconf 87' lang='lat' dir='ltr'>se</span> <span class='ocrx_word' id='word_1_24' title='bbox 1581 426 1685 467; x_wconf 88' lang='lat' dir='ltr'>nihil</span> 
     </span>
     <span class='ocr_line' id='line_1_5' title="bbox 58 490 1687 549; baseline 0.002 -17"><span class='ocrx_word' id='word_1_25' title='bbox 58 490 226 533; x_wconf 84' lang='lat' dir='ltr'>obstare</span> <span class='ocrx_word' id='word_1_26' title='bbox 259 492 485 545; x_wconf 81' lang='lat' dir='ltr'>quominus</span> <span class='ocrx_word' id='word_1_27' title='bbox 508 493 634 533; x_wconf 85' lang='lat' dir='ltr'>etiam</span> <span class='ocrx_word' id='word_1_28' title='bbox 668 492 924 549; x_wconf 85' lang='lat' dir='ltr'>archetypos</span> <span class='ocrx_word' id='word_1_29' title='bbox 956 499 997 534; x_wconf 88' lang='lat' dir='ltr'>et</span> <span class='ocrx_word' id='word_1_30' title='bbox 1018 492 1297 533; x_wconf 85' lang='lat' dir='ltr'>Ambrosiani</span> <span class='ocrx_word' id='word_1_31' title='bbox 1325 504 1365 533; x_wconf 88' lang='lat' dir='ltr'>et</span> <span class='ocrx_word' id='word_1_32' title='bbox 1395 492 1687 535; x_wconf 86' lang='lat' dir='ltr'>Palatinorum</span> 
     </span>
     <span class='ocr_line' id='line_1_6' title="bbox 56 558 1688 618; baseline 0.002 -19"><span class='ocrx_word' id='word_1_33' title='bbox 56 558 169 600; x_wconf 90' lang='lat' dir='ltr'>idem</span> <span class='ocrx_word' id='word_1_34' title='bbox 201 573 424 615; x_wconf 87' lang='lat' dir='ltr'>perpessos</span> <span class='ocrx_word' id='word_1_35' title='bbox 457 574 548 601; x_wconf 87' lang='lat' dir='ltr'>esse</span> <span class='ocrx_word' id='word_1_36' title='bbox 585 560 830 615; x_wconf 82' lang='lat' dir='ltr'>credamus3</span> <span class='ocrx_word' id='word_1_37' title='bbox 865 567 905 601; x_wconf 88' lang='lat' dir='ltr'>et</span> <span class='ocrx_word' id='word_1_38' title='bbox 937 575 1085 602; x_wconf 83' lang='lat' dir='ltr'>revera</span> <span class='ocrx_word' id='word_1_39' title='bbox 1108 560 1189 601; x_wconf 86' lang='lat' dir='ltr'>hoc</span> <span class='ocrx_word' id='word_1_40' title='bbox 1220 562 1379 602; x_wconf 84' lang='lat' dir='ltr'>factum</span> <span class='ocrx_word' id='word_1_41' title='bbox 1412 576 1502 603; x_wconf 85' lang='lat' dir='ltr'>esse</span> <span class='ocrx_word' id='word_1_42' title='bbox 1525 561 1688 618; x_wconf 89' lang='lat' dir='ltr'>liquida</span> 
     </span>
     <span class='ocr_line' id='line_1_7' title="bbox 62 627 700 683; baseline 0.005 -16"><span class='ocrx_word' id='word_1_43' title='bbox 62 634 315 682; x_wconf 88' lang='lat' dir='ltr'>argumenta</span> <span class='ocrx_word' id='word_1_44' title='bbox 347 627 651 671; x_wconf 88' lang='lat' dir='ltr'>demonstrant.</span> <span class='ocrx_word' id='word_1_45' title='bbox 666 630 700 683; x_wconf 90' lang='lat'>1)</span> 
     </span>
    </p>
   </div>
   <div class='ocr_carea' id='block_1_3' title="bbox 54 706 1689 2736">
    <p class='ocr_par' dir='ltr' id='par_1_3' title="bbox 54 706 1689 2599">
     <span class='ocr_line' id='line_1_8' title="bbox 171 706 1686 764; baseline 0.002 -16"><span class='ocrx_word' id='word_1_46' title='bbox 171 706 333 749; x_wconf 79' lang='lat' dir='ltr'>Versus</span> <span class='ocrx_word' id='word_1_47' title='bbox 369 707 489 750; x_wconf 71' lang='lat' dir='ltr'>Stich.</span> <span class='ocrx_word' id='word_1_48' title='bbox 521 707 705 749; x_wconf 80' lang='lat'>48—-57</span> <span class='ocrx_word' id='word_1_49' title='bbox 744 708 787 749; x_wconf 93' lang='lat' dir='ltr'>in</span> <span class='ocrx_word' id='word_1_50' title='bbox 824 708 923 750; x_wconf 91' lang='lat' dir='ltr'>solis</span> <span class='ocrx_word' id='word_1_51' title='bbox 959 707 992 749; x_wconf 84' lang='lat' dir='ltr'>P</span> <span class='ocrx_word' id='word_1_52' title='bbox 1032 708 1255 763; x_wconf 82' lang='lat' dir='ltr'>leguntur,</span> <span class='ocrx_word' id='word_1_53' title='bbox 1295 709 1338 749; x_wconf 91' lang='lat' dir='ltr'>in</span> <span class='ocrx_word' id='word_1_54' title='bbox 1370 709 1413 750; x_wconf 94' lang='lat' dir='ltr'>A</span> <span class='ocrx_word' id='word_1_55' title='bbox 1451 724 1686 764; x_wconf 87' lang='lat' dir='ltr'>numquam</span> 
     </span>
     <span class='ocr_line' id='line_1_9' title="bbox 58 775 1685 834; baseline 0.002 -18"><span class='ocrx_word' id='word_1_56' title='bbox 58 776 308 826; x_wconf 81' lang='lat' dir='ltr'>extiterunt3</span> <span class='ocrx_word' id='word_1_57' title='bbox 350 791 453 833; x_wconf 83' lang='lat' dir='ltr'>quos</span> <span class='ocrx_word' id='word_1_58' title='bbox 486 791 567 817; x_wconf 91' lang='lat' dir='ltr'>non</span> <span class='ocrx_word' id='word_1_59' title='bbox 602 775 769 831; x_wconf 86' lang='lat' dir='ltr'>vulgari</span> <span class='ocrx_word' id='word_1_60' title='bbox 803 777 1069 831; x_wconf 75' lang='lat' dir='ltr'>grammatici</span> <span class='ocrx_word' id='word_1_61' title='bbox 1105 777 1327 819; x_wconf 86' lang='lat' dir='ltr'>cuiusdam</span> <span class='ocrx_word' id='word_1_62' title='bbox 1368 778 1685 834; x_wconf 86' lang='lat' dir='ltr'>interpolationi</span> 
     </span>
     <span class='ocr_line' id='line_1_10' title="bbox 57 843 1684 903; baseline 0.002 -18"><span class='ocrx_word' id='word_1_63' title='bbox 57 843 213 894; x_wconf 82' lang='lat' dir='ltr'>deberi,</span> <span class='ocrx_word' id='word_1_64' title='bbox 238 845 312 886; x_wconf 87' lang='lat' dir='ltr'>sed</span> <span class='ocrx_word' id='word_1_65' title='bbox 334 845 518 897; x_wconf 85' lang='lat' dir='ltr'>‚relictos</span> <span class='ocrx_word' id='word_1_66' title='bbox 542 860 633 886; x_wconf 86' lang='lat' dir='ltr'>esse</span> <span class='ocrx_word' id='word_1_67' title='bbox 656 860 676 885; x_wconf 92' lang='lat' dir='ltr'>e</span> <span class='ocrx_word' id='word_1_68' title='bbox 703 845 775 886; x_wconf 86' lang='lat' dir='ltr'>tali</span> <span class='ocrx_word' id='word_1_69' title='bbox 802 845 1045 887; x_wconf 80' lang='lat' dir='ltr'>recensione</span> <span class='ocrx_word' id='word_1_70' title='bbox 1070 845 1197 887; x_wconf 88' lang='lat' dir='ltr'>huius</span> <span class='ocrx_word' id='word_1_71' title='bbox 1221 846 1407 896; x_wconf 87' lang='lat' dir='ltr'>fabulae,</span> <span class='ocrx_word' id='word_1_72' title='bbox 1440 862 1525 903; x_wconf 87' lang='lat' dir='ltr'>qua</span> <span class='ocrx_word' id='word_1_73' title='bbox 1547 861 1684 888; x_wconf 89' lang='lat' dir='ltr'>novae</span> 
     </span>
     <span class='ocr_line' id='line_1_11' title="bbox 59 912 1685 968; baseline 0.002 -14"><span class='ocrx_word' id='word_1_74' title='bbox 59 912 216 954; x_wconf 86' lang='lat' dir='ltr'>actioni</span> <span class='ocrx_word' id='word_1_75' title='bbox 249 914 471 955; x_wconf 81' lang='lat' dir='ltr'>scaenicae</span> <span class='ocrx_word' id='word_1_76' title='bbox 504 913 725 968; x_wconf 87' lang='lat' dir='ltr'>aliquanto</span> <span class='ocrx_word' id='word_1_77' title='bbox 756 919 852 968; x_wconf 88' lang='lat' dir='ltr'>post</span> <span class='ocrx_word' id='word_1_78' title='bbox 883 913 1127 955; x_wconf 84' lang='lat' dir='ltr'>Plautinam</span> <span class='ocrx_word' id='word_1_79' title='bbox 1161 921 1344 956; x_wconf 86' lang='lat' dir='ltr'>aetatem</span> <span class='ocrx_word' id='word_1_80' title='bbox 1378 915 1685 957; x_wconf 86' lang='lat' dir='ltr'>consuleretur‘</span> 
     </span>
     <span class='ocr_line' id='line_1_12' title="bbox 57 980 1689 1038; baseline 0.002 -16"><span class='ocrx_word' id='word_1_81' title='bbox 57 980 324 1023; x_wconf 84' lang='lat' dir='ltr'>Ritschelius</span> <span class='ocrx_word' id='word_1_82' title='bbox 379 982 530 1037; x_wconf 79' lang='lat' dir='ltr'>(praef.</span> <span class='ocrx_word' id='word_1_83' title='bbox 584 996 624 1036; x_wconf 87' lang='lat' dir='ltr'>p.</span> <span class='ocrx_word' id='word_1_84' title='bbox 658 981 747 1034; x_wconf 88' lang='lat' dir='ltr'>IX)</span> <span class='ocrx_word' id='word_1_85' title='bbox 796 990 908 1022; x_wconf 84' lang='lat' dir='ltr'>recte</span> <span class='ocrx_word' id='word_1_86' title='bbox 960 982 1173 1036; x_wconf 83' lang='lat' dir='ltr'>cognovit.</span> <span class='ocrx_word' id='word_1_87' title='bbox 1190 984 1223 1038; x_wconf 85' lang='lat'>²)</span> <span class='ocrx_word' id='word_1_88' title='bbox 1274 983 1454 1024; x_wconf 87' lang='lat' dir='ltr'>alterum</span> <span class='ocrx_word' id='word_1_89' title='bbox 1500 983 1689 1025; x_wconf 84' lang='lat' dir='ltr'>eiusdem</span> 
     </span>
     <span class='ocr_line' id='line_1_13' title="bbox 54 1049 1682 1107; baseline 0.002 -17"><span class='ocrx_word' id='word_1_90' title='bbox 54 1049 223 1104; x_wconf 87' lang='lat' dir='ltr'>generis</span> <span class='ocrx_word' id='word_1_91' title='bbox 262 1050 506 1105; x_wconf 88' lang='lat' dir='ltr'>exemplum</span> <span class='ocrx_word' id='word_1_92' title='bbox 541 1050 702 1092; x_wconf 87' lang='lat' dir='ltr'>detexit</span> <span class='ocrx_word' id='word_1_93' title='bbox 724 1049 1046 1093; x_wconf 88' lang='lat' dir='ltr'>Studemundus</span> <span class='ocrx_word' id='word_1_94' title='bbox 1080 1051 1306 1105; x_wconf 64' lang='lat' dir='ltr'>(Fesfssruss</span> <span class='ocrx_word' id='word_1_95' title='bbox 1328 1066 1367 1107; x_wconf 88' lang='lat' dir='ltr'>p.</span> <span class='ocrx_word' id='word_1_96' title='bbox 1391 1050 1477 1106; x_wconf 85' lang='lat'>43).</span> <span class='ocrx_word' id='word_1_97' title='bbox 1529 1052 1682 1094; x_wconf 68' lang='lat' dir='ltr'>Bam-h.</span> 
     </span>
     <span class='ocr_line' id='line_1_14' title="bbox 55 1118 1686 1174; baseline 0.002 -15"><span class='ocrx_word' id='word_1_98' title='bbox 55 1118 290 1160; x_wconf 84' lang='lat'>540—551</span> <span class='ocrx_word' id='word_1_99' title='bbox 326 1118 480 1160; x_wconf 91' lang='lat' dir='ltr'>iterum</span> <span class='ocrx_word' id='word_1_100' title='bbox 513 1118 656 1174; x_wconf 87' lang='lat' dir='ltr'>ampla</span> <span class='ocrx_word' id='word_1_101' title='bbox 677 1134 879 1161; x_wconf 86' lang='lat' dir='ltr'>versuum</span> <span class='ocrx_word' id='word_1_102' title='bbox 912 1119 1042 1160; x_wconf 89' lang='lat' dir='ltr'>series</span> <span class='ocrx_word' id='word_1_103' title='bbox 1073 1119 1114 1160; x_wconf 91' lang='lat' dir='ltr'>in</span> <span class='ocrx_word' id='word_1_104' title='bbox 1139 1119 1176 1160; x_wconf 89' lang='lat' dir='ltr'><strong>P</strong></span> <span class='ocrx_word' id='word_1_105' title='bbox 1207 1119 1378 1173; x_wconf 82' lang='lat' dir='ltr'>legitur,</span> <span class='ocrx_word' id='word_1_106' title='bbox 1411 1135 1541 1174; x_wconf 90' lang='lat' dir='ltr'>quam</span> <span class='ocrx_word' id='word_1_107' title='bbox 1576 1120 1619 1160; x_wconf 93' lang='lat' dir='ltr'>in</span> <span class='ocrx_word' id='word_1_108' title='bbox 1644 1120 1686 1162; x_wconf 92' lang='lat' dir='ltr'><strong>A</strong></span> 
     </span>
     <span class='ocr_line' id='line_1_15' title="bbox 56 1187 1682 1243; baseline 0 -15"><span class='ocrx_word' id='word_1_109' title='bbox 56 1202 193 1242; x_wconf 88' lang='lat' dir='ltr'>neque</span> <span class='ocrx_word' id='word_1_110' title='bbox 210 1202 287 1228; x_wconf 91' lang='lat' dir='ltr'>nos</span> <span class='ocrx_word' id='word_1_111' title='bbox 310 1187 596 1242; x_wconf 83' lang='lat' dir='ltr'>conspicimus</span> <span class='ocrx_word' id='word_1_112' title='bbox 621 1202 758 1242; x_wconf 85' lang='lat' dir='ltr'>neque</span> <span class='ocrx_word' id='word_1_113' title='bbox 781 1187 861 1228; x_wconf 90' lang='lat' dir='ltr'>nisi</span> <span class='ocrx_word' id='word_1_114' title='bbox 886 1188 1028 1229; x_wconf 90' lang='lat' dir='ltr'>omnia</span> <span class='ocrx_word' id='word_1_115' title='bbox 1051 1187 1205 1228; x_wconf 85' lang='lat' dir='ltr'>fallunt</span> <span class='ocrx_word' id='word_1_116' title='bbox 1225 1187 1449 1230; x_wconf 72' lang='lat' dir='ltr'>Charisius</span> <span class='ocrx_word' id='word_1_117' title='bbox 1473 1189 1592 1238; x_wconf 80' lang='lat' dir='ltr'>vidit,</span> <span class='ocrx_word' id='word_1_118' title='bbox 1611 1189 1682 1243; x_wconf 90' lang='lat' dir='ltr'>qui</span> 
     </span>
     <span class='ocr_line' id='line_1_16' title="bbox 56 1256 1687 1311; baseline 0 -12"><span class='ocrx_word' id='word_1_119' title='bbox 56 1271 96 1311; x_wconf 89' lang='lat' dir='ltr'>p.</span> <span class='ocrx_word' id='word_1_120' title='bbox 134 1256 215 1298; x_wconf 88' lang='grc'>184</span> <span class='ocrx_word' id='word_1_121' title='bbox 234 1256 287 1298; x_wconf 89' lang='lat' dir='ltr'>K.</span> <span class='ocrx_word' id='word_1_122' title='bbox 327 1257 476 1297; x_wconf 64' lang='lat' dir='ltr'>Bacch.</span> <span class='ocrx_word' id='word_1_123' title='bbox 518 1272 555 1299; x_wconf 83' lang='lat' dir='ltr'>v,</span> <span class='ocrx_word' id='word_1_124' title='bbox 588 1257 670 1298; x_wconf 81' lang='lat'>545</span> <span class='ocrx_word' id='word_1_125' title='bbox 702 1256 839 1297; x_wconf 84' lang='lat' dir='ltr'>citans</span> <span class='ocrx_word' id='word_1_126' title='bbox 879 1257 997 1298; x_wconf 81' lang='lat' dir='ltr'>addit</span> <span class='ocrx_word' id='word_1_127' title='bbox 1036 1257 1091 1307; x_wconf 84' lang='lat' dir='ltr'>‚in</span> <span class='ocrx_word' id='word_1_128' title='bbox 1126 1256 1384 1311; x_wconf 89' lang='lat' dir='ltr'>quibusdam</span> <span class='ocrx_word' id='word_1_129' title='bbox 1418 1272 1500 1298; x_wconf 91' lang='lat' dir='ltr'>non</span> <span class='ocrx_word' id='word_1_130' title='bbox 1533 1258 1687 1300; x_wconf 83' lang='lat' dir='ltr'>ferunt‘</span> 
     </span>
     <span class='ocr_line' id='line_1_17' title="bbox 54 1326 1687 1382; baseline 0.001 -16"><span class='ocrx_word' id='word_1_131' title='bbox 54 1326 262 1382; x_wconf 64' lang='lat' dir='ltr'>(ferantur</span> <span class='ocrx_word' id='word_1_132' title='bbox 298 1326 591 1382; x_wconf 85' lang='lat' dir='ltr'>Ritschelius)‚</span> <span class='ocrx_word' id='word_1_133' title='bbox 632 1327 864 1382; x_wconf 83' lang='lat' dir='ltr'>respiciens</span> <span class='ocrx_word' id='word_1_134' title='bbox 911 1326 946 1367; x_wconf 86' lang='lat' dir='ltr'>is</span> <span class='ocrx_word' id='word_1_135' title='bbox 985 1333 1032 1368; x_wconf 90' lang='lat' dir='ltr'>ut</span> <span class='ocrx_word' id='word_1_136' title='bbox 1063 1326 1360 1368; x_wconf 84' lang='lat' dir='ltr'>Studemundo</span> <span class='ocrx_word' id='word_1_137' title='bbox 1403 1326 1572 1368; x_wconf 89' lang='lat' dir='ltr'>videtur</span> <span class='ocrx_word' id='word_1_138' title='bbox 1603 1342 1687 1367; x_wconf 88' lang='lat' dir='ltr'>non</span> 
     </span>
     <span class='ocr_line' id='line_1_18' title="bbox 55 1394 1686 1449; baseline 0 -13"><span class='ocrx_word' id='word_1_139' title='bbox 55 1394 169 1436; x_wconf 89' lang='lat' dir='ltr'>hunc</span> <span class='ocrx_word' id='word_1_140' title='bbox 208 1402 374 1437; x_wconf 87' lang='lat' dir='ltr'>tantum</span> <span class='ocrx_word' id='word_1_141' title='bbox 420 1410 591 1437; x_wconf 89' lang='lat' dir='ltr'>versum</span> <span class='ocrx_word' id='word_1_142' title='bbox 642 1395 717 1436; x_wconf 90' lang='lat' dir='ltr'>sed</span> <span class='ocrx_word' id='word_1_143' title='bbox 757 1411 823 1438; x_wconf 91' lang='lat' dir='ltr'>VV.</span> <span class='ocrx_word' id='word_1_144' title='bbox 863 1394 1118 1436; x_wconf 80' lang='lat'>540—551.</span> <span class='ocrx_word' id='word_1_145' title='bbox 1182 1395 1232 1436; x_wconf 92' lang='lat' dir='ltr'>de</span> <span class='ocrx_word' id='word_1_146' title='bbox 1265 1394 1421 1449; x_wconf 88' lang='lat' dir='ltr'>quibus</span> <span class='ocrx_word' id='word_1_147' title='bbox 1461 1395 1686 1436; x_wconf 78' lang='lat' dir='ltr'>audiamus</span> 
     </span>
     <span class='ocr_line' id='line_1_19' title="bbox 56 1462 1687 1511; baseline 0.001 -6"><span class='ocrx_word' id='word_1_148' title='bbox 56 1463 342 1506; x_wconf 85' lang='lat' dir='ltr'>Studemundi</span> <span class='ocrx_word' id='word_1_149' title='bbox 389 1464 616 1505; x_wconf 88' lang='lat' dir='ltr'>iudicium:</span> <span class='ocrx_word' id='word_1_150' title='bbox 657 1463 784 1511; x_wconf 84' lang='lat' dir='ltr'>,Dass</span> <span class='ocrx_word' id='word_1_151' title='bbox 826 1463 893 1504; x_wconf 89' lang='lat' dir='ltr'>die</span> <span class='ocrx_word' id='word_1_152' title='bbox 938 1462 990 1507; x_wconf 89' lang='lat' dir='ltr'>V.</span> <span class='ocrx_word' id='word_1_153' title='bbox 1022 1463 1284 1511; x_wconf 49' lang='lat' dir='ltr'>{uo—551,</span> <span class='ocrx_word' id='word_1_154' title='bbox 1332 1462 1441 1504; x_wconf 92' lang='lat' dir='ltr'>ohne</span> <span class='ocrx_word' id='word_1_155' title='bbox 1487 1463 1568 1504; x_wconf 88' lang='lat' dir='ltr'>den</span> <span class='ocrx_word' id='word_1_156' title='bbox 1606 1464 1687 1506; x_wconf 82' lang='lat' dir='ltr'>Ge-</span> 
     </span>
     <span class='ocr_line' id='line_1_20' title="bbox 56 1531 1686 1588; baseline 0.001 -15"><span class='ocrx_word' id='word_1_157' title='bbox 56 1532 597 1588; x_wconf 84' lang='lat' dir='ltr'>dankenzusammenhang</span> <span class='ocrx_word' id='word_1_158' title='bbox 627 1547 680 1574; x_wconf 90' lang='lat' dir='ltr'>zu</span> <span class='ocrx_word' id='word_1_159' title='bbox 712 1531 965 1580; x_wconf 84' lang='lat' dir='ltr'>zerreissen,</span> <span class='ocrx_word' id='word_1_160' title='bbox 997 1531 1140 1572; x_wconf 85' lang='lat' dir='ltr'>fehlen</span> <span class='ocrx_word' id='word_1_161' title='bbox 1173 1532 1362 1581; x_wconf 70' lang='lat' dir='ltr'>konnen,</span> <span class='ocrx_word' id='word_1_162' title='bbox 1404 1531 1593 1573; x_wconf 86' lang='lat' dir='ltr'>leuchtet</span> <span class='ocrx_word' id='word_1_163' title='bbox 1625 1547 1686 1574; x_wconf 92' lang='lat' dir='ltr'>so-</span> 
     </span>
     <span class='ocr_line' id='line_1_21' title="bbox 54 1599 1684 1656; baseline 0 -14"><span class='ocrx_word' id='word_1_164' title='bbox 54 1602 137 1642; x_wconf 85' lang='lat' dir='ltr'>fort</span> <span class='ocrx_word' id='word_1_165' title='bbox 168 1601 248 1645; x_wconf 91' lang='lat' dir='ltr'>ein.</span> <span class='ocrx_word' id='word_1_166' title='bbox 308 1601 422 1643; x_wconf 88' lang='lat' dir='ltr'>Dass</span> <span class='ocrx_word' id='word_1_167' title='bbox 455 1601 522 1643; x_wconf 90' lang='lat' dir='ltr'>die</span> <span class='ocrx_word' id='word_1_168' title='bbox 538 1600 865 1656; x_wconf 83' lang='lat' dir='ltr'>Lebhaftigkeit</span> <span class='ocrx_word' id='word_1_169' title='bbox 898 1600 973 1641; x_wconf 87' lang='lat' dir='ltr'>der</span> <span class='ocrx_word' id='word_1_170' title='bbox 1006 1599 1320 1655; x_wconf 82' lang='lat' dir='ltr'>Unterhaltung</span> <span class='ocrx_word' id='word_1_171' title='bbox 1343 1599 1556 1641; x_wconf 78' lang='lat' dir='ltr'>zwischen</span> <span class='ocrx_word' id='word_1_172' title='bbox 1588 1600 1684 1642; x_wconf 90' lang='lat' dir='ltr'>dem</span> 
     </span>
     <span class='ocr_line' id='line_1_22' title="bbox 55 1668 1682 1726; baseline -0.001 -15"><span class='ocrx_word' id='word_1_173' title='bbox 55 1671 335 1726; x_wconf 86' lang='lat' dir='ltr'>aufgeregten</span> <span class='ocrx_word' id='word_1_174' title='bbox 378 1669 668 1711; x_wconf 89' lang='lat' dir='ltr'>Mnesilochus</span> <span class='ocrx_word' id='word_1_175' title='bbox 717 1669 805 1710; x_wconf 85' lang='lat' dir='ltr'>und</span> <span class='ocrx_word' id='word_1_176' title='bbox 856 1668 1016 1710; x_wconf 87' lang='lat' dir='ltr'>seinem</span> <span class='ocrx_word' id='word_1_177' title='bbox 1058 1668 1257 1710; x_wconf 86' lang='lat' dir='ltr'>Freunde</span> <span class='ocrx_word' id='word_1_178' title='bbox 1300 1668 1559 1710; x_wconf 85' lang='lat' dir='ltr'>Pistoclerus</span> <span class='ocrx_word' id='word_1_179' title='bbox 1607 1669 1682 1710; x_wconf 88' lang='lat' dir='ltr'>das</span> 
     </span>
     <span class='ocr_line' id='line_1_23' title="bbox 56 1736 1683 1794; baseline 0 -15"><span class='ocrx_word' id='word_1_180' title='bbox 56 1737 217 1780; x_wconf 87' lang='lat' dir='ltr'>Fehlen</span> <span class='ocrx_word' id='word_1_181' title='bbox 270 1738 346 1780; x_wconf 90' lang='lat' dir='ltr'>der</span> <span class='ocrx_word' id='word_1_182' title='bbox 382 1738 530 1790; x_wconf 85' lang='lat' dir='ltr'>Verse,</span> <span class='ocrx_word' id='word_1_183' title='bbox 579 1741 747 1794; x_wconf 72' lang='lat' dir='ltr'>gemass</span> <span class='ocrx_word' id='word_1_184' title='bbox 796 1737 870 1779; x_wconf 89' lang='lat' dir='ltr'>der</span> <span class='ocrx_word' id='word_1_185' title='bbox 916 1736 1242 1778; x_wconf 85' lang='lat' dir='ltr'>Plautinischen</span> <span class='ocrx_word' id='word_1_186' title='bbox 1291 1737 1420 1789; x_wconf 80' lang='lat' dir='ltr'>Sitte,</span> <span class='ocrx_word' id='word_1_187' title='bbox 1469 1737 1683 1793; x_wconf 83' lang='lat' dir='ltr'>geradezu</span> 
     </span>
     <span class='ocr_line' id='line_1_24' title="bbox 54 1805 1677 1863; baseline -0.001 -17"><span class='ocrx_word' id='word_1_188' title='bbox 54 1805 226 1859; x_wconf 84' lang='lat' dir='ltr'>fordert,</span> <span class='ocrx_word' id='word_1_189' title='bbox 251 1806 357 1847; x_wconf 88' lang='lat' dir='ltr'>wird</span> <span class='ocrx_word' id='word_1_190' title='bbox 381 1806 587 1863; x_wconf 82' lang='lat' dir='ltr'>zugeben,</span> <span class='ocrx_word' id='word_1_191' title='bbox 613 1821 698 1847; x_wconf 84' lang='lat' dir='ltr'>wer</span> <span class='ocrx_word' id='word_1_192' title='bbox 720 1806 788 1847; x_wconf 89' lang='lat' dir='ltr'>die</span> <span class='ocrx_word' id='word_1_193' title='bbox 811 1805 1191 1862; x_wconf 82' lang='lat' dir='ltr'>vorhergehenden</span> <span class='ocrx_word' id='word_1_194' title='bbox 1225 1805 1311 1846; x_wconf 89' lang='lat' dir='ltr'>und</span> <span class='ocrx_word' id='word_1_195' title='bbox 1337 1805 1677 1861; x_wconf 85' lang='lat' dir='ltr'>nachfolgenden</span> 
     </span>
     <span class='ocr_line' id='line_1_25' title="bbox 56 1873 1684 1931; baseline -0.001 -14"><span class='ocrx_word' id='word_1_196' title='bbox 56 1873 191 1917; x_wconf 87' lang='lat' dir='ltr'>Verse</span> <span class='ocrx_word' id='word_1_197' title='bbox 223 1874 299 1915; x_wconf 90' lang='lat' dir='ltr'>mit</span> <span class='ocrx_word' id='word_1_198' title='bbox 330 1874 449 1916; x_wconf 88' lang='lat' dir='ltr'>ihren</span> <span class='ocrx_word' id='word_1_199' title='bbox 485 1875 645 1916; x_wconf 84' lang='lat' dir='ltr'>kurzen</span> <span class='ocrx_word' id='word_1_200' title='bbox 676 1875 850 1931; x_wconf 83' lang='lat' dir='ltr'>Fragen</span> <span class='ocrx_word' id='word_1_201' title='bbox 890 1875 977 1916; x_wconf 88' lang='lat' dir='ltr'>und</span> <span class='ocrx_word' id='word_1_202' title='bbox 1008 1875 1262 1915; x_wconf 86' lang='lat' dir='ltr'>Antworten</span> <span class='ocrx_word' id='word_1_203' title='bbox 1307 1874 1585 1929; x_wconf 85' lang='lat' dir='ltr'>unbefangen</span> <span class='ocrx_word' id='word_1_204' title='bbox 1619 1873 1684 1915; x_wconf 92' lang='lat' dir='ltr'>be-</span> 
     </span>
     <span class='ocr_line' id='line_1_26' title="bbox 55 1941 1687 2000; baseline 0.001 -17"><span class='ocrx_word' id='word_1_205' title='bbox 55 1941 249 1985; x_wconf 86' lang='lat' dir='ltr'>trachtet.</span> <span class='ocrx_word' id='word_1_206' title='bbox 324 1943 384 1984; x_wconf 87' lang='lat' dir='ltr'>Es</span> <span class='ocrx_word' id='word_1_207' title='bbox 429 1943 533 1999; x_wconf 82' lang='lat' dir='ltr'>liegt</span> <span class='ocrx_word' id='word_1_208' title='bbox 591 1944 682 1985; x_wconf 86' lang='lat' dir='ltr'>hier</span> <span class='ocrx_word' id='word_1_209' title='bbox 733 1943 775 1983; x_wconf 88' lang='lat' dir='ltr'>in</span> <span class='ocrx_word' id='word_1_210' title='bbox 824 1943 904 1984; x_wconf 86' lang='lat' dir='ltr'>den</span> <span class='ocrx_word' id='word_1_211' title='bbox 952 1941 1111 1985; x_wconf 82' lang='lat' dir='ltr'>Versen</span> <span class='ocrx_word' id='word_1_212' title='bbox 1142 1942 1381 1985; x_wconf 74' lang='lat'>540—551</span> <span class='ocrx_word' id='word_1_213' title='bbox 1430 1942 1523 1984; x_wconf 89' lang='lat' dir='ltr'>eine</span> <span class='ocrx_word' id='word_1_214' title='bbox 1563 1944 1687 2000; x_wconf 87' lang='lat' dir='ltr'>jener</span> 
     </span>
     <span class='ocr_line' id='line_1_27' title="bbox 56 2010 1684 2067; baseline 0.001 -16"><span class='ocrx_word' id='word_1_215' title='bbox 56 2010 428 2066; x_wconf 84' lang='lat' dir='ltr'>weitschweifigen</span> <span class='ocrx_word' id='word_1_216' title='bbox 450 2011 825 2053; x_wconf 88' lang='lat' dir='ltr'>moralisierenden</span> <span class='ocrx_word' id='word_1_217' title='bbox 848 2010 1391 2067; x_wconf 85' lang='lat' dir='ltr'>Auseinandersetzungen</span> <span class='ocrx_word' id='word_1_218' title='bbox 1417 2026 1506 2059; x_wconf 86' lang='lat' dir='ltr'>vor,</span> <span class='ocrx_word' id='word_1_219' title='bbox 1543 2012 1684 2052; x_wconf 83' lang='lat' dir='ltr'>womit</span> 
     </span>
     <span class='ocr_line' id='line_1_28' title="bbox 55 2077 1685 2135; baseline 0.001 -16"><span class='ocrx_word' id='word_1_220' title='bbox 55 2077 124 2119; x_wconf 90' lang='lat' dir='ltr'>bei</span> <span class='ocrx_word' id='word_1_221' title='bbox 156 2083 355 2134; x_wconf 68' lang='lat' dir='ltr'>spatcren</span> <span class='ocrx_word' id='word_1_222' title='bbox 386 2080 720 2135; x_wconf 82' lang='lat' dir='ltr'>Auffiihrungen</span> <span class='ocrx_word' id='word_1_223' title='bbox 765 2079 833 2120; x_wconf 89' lang='lat' dir='ltr'>die</span> <span class='ocrx_word' id='word_1_224' title='bbox 865 2079 1190 2120; x_wconf 84' lang='lat' dir='ltr'>Plautinischen</span> <span class='ocrx_word' id='word_1_225' title='bbox 1224 2078 1384 2121; x_wconf 85' lang='lat' dir='ltr'>Stiicke</span> <span class='ocrx_word' id='word_1_226' title='bbox 1424 2079 1532 2121; x_wconf 84' lang='lat' dir='ltr'>auch</span> <span class='ocrx_word' id='word_1_227' title='bbox 1571 2089 1685 2120; x_wconf 86' lang='lat' dir='ltr'>sonst</span> 
     </span>
     <span class='ocr_line' id='line_1_29' title="bbox 55 2147 1685 2205; baseline 0.001 -17"><span class='ocrx_word' id='word_1_228' title='bbox 55 2147 202 2203; x_wconf 71' lang='lat' dir='ltr'>haufig</span> <span class='ocrx_word' id='word_1_229' title='bbox 241 2148 507 2205; x_wconf 87' lang='lat' dir='ltr'>interpoliert</span> <span class='ocrx_word' id='word_1_230' title='bbox 538 2149 767 2190; x_wconf 85' lang='lat' dir='ltr'>scheinen‘.</span> <span class='ocrx_word' id='word_1_231' title='bbox 829 2148 985 2202; x_wconf 85' lang='lat' dir='ltr'>quibus</span> <span class='ocrx_word' id='word_1_232' title='bbox 1019 2148 1228 2202; x_wconf 86' lang='lat' dir='ltr'>exemplis</span> <span class='ocrx_word' id='word_1_233' title='bbox 1252 2156 1416 2189; x_wconf 87' lang='lat' dir='ltr'>certum</span> <span class='ocrx_word' id='word_1_234' title='bbox 1449 2148 1491 2188; x_wconf 87' lang='lat' dir='ltr'>fit</span> <span class='ocrx_word' id='word_1_235' title='bbox 1526 2148 1685 2189; x_wconf 80' lang='lat' dir='ltr'>Palati-</span> 
     </span>
     <span class='ocr_line' id='line_1_30' title="bbox 56 2216 1684 2270; baseline 0.001 -14"><span class='ocrx_word' id='word_1_236' title='bbox 56 2230 205 2257; x_wconf 89' lang='lat' dir='ltr'>norum</span> <span class='ocrx_word' id='word_1_237' title='bbox 252 2216 425 2270; x_wconf 89' lang='lat' dir='ltr'>quidem</span> <span class='ocrx_word' id='word_1_238' title='bbox 458 2225 738 2259; x_wconf 84' lang='lat' dir='ltr'>correctorem</span> <span class='ocrx_word' id='word_1_239' title='bbox 771 2216 824 2257; x_wconf 88' lang='lat' dir='ltr'>ad</span> <span class='ocrx_word' id='word_1_240' title='bbox 858 2216 965 2257; x_wconf 84' lang='lat' dir='ltr'>alius</span> <span class='ocrx_word' id='word_1_241' title='bbox 1015 2216 1239 2257; x_wconf 88' lang='lat' dir='ltr'>cuiusdam</span> <span class='ocrx_word' id='word_1_242' title='bbox 1287 2216 1446 2258; x_wconf 87' lang='lat' dir='ltr'>codicis</span> <span class='ocrx_word' id='word_1_243' title='bbox 1492 2232 1684 2258; x_wconf 87' lang='lat' dir='ltr'>normam</span> 
     </span>
     <span class='ocr_line' id='line_1_31' title="bbox 56 2282 1682 2340; baseline 0.001 -16"><span class='ocrx_word' id='word_1_244' title='bbox 56 2298 180 2325; x_wconf 89' lang='lat' dir='ltr'>suum</span> <span class='ocrx_word' id='word_1_245' title='bbox 229 2285 450 2340; x_wconf 87' lang='lat' dir='ltr'>exemplar</span> <span class='ocrx_word' id='word_1_246' title='bbox 497 2285 746 2327; x_wconf 81' lang='lat' dir='ltr'>correxisse.</span> <span class='ocrx_word' id='word_1_247' title='bbox 828 2291 1015 2325; x_wconf 80' lang='lat' dir='ltr'>attamen</span> <span class='ocrx_word' id='word_1_248' title='bbox 1069 2283 1153 2325; x_wconf 85' lang='lat' dir='ltr'>noli</span> <span class='ocrx_word' id='word_1_249' title='bbox 1186 2282 1522 2327; x_wconf 87' lang='lat' dir='ltr'>Ambrosianum</span> <span class='ocrx_word' id='word_1_250' title='bbox 1576 2286 1682 2326; x_wconf 87' lang='lat' dir='ltr'>eius-</span> 
     </span>
     <span class='ocr_line' id='line_1_32' title="bbox 56 2351 1686 2410; baseline 0.001 -18"><span class='ocrx_word' id='word_1_251' title='bbox 56 2351 170 2393; x_wconf 92' lang='lat' dir='ltr'>modi</span> <span class='ocrx_word' id='word_1_252' title='bbox 202 2352 505 2395; x_wconf 82' lang='lat' dir='ltr'>additamentis</span> <span class='ocrx_word' id='word_1_253' title='bbox 537 2354 771 2396; x_wconf 89' lang='lat' dir='ltr'>immunem</span> <span class='ocrx_word' id='word_1_254' title='bbox 803 2353 989 2395; x_wconf 88' lang='lat' dir='ltr'>credere.</span> <span class='ocrx_word' id='word_1_255' title='bbox 1023 2353 1153 2394; x_wconf 88' lang='lat' dir='ltr'>immo</span> <span class='ocrx_word' id='word_1_256' title='bbox 1185 2368 1268 2394; x_wconf 90' lang='lat' dir='ltr'>non</span> <span class='ocrx_word' id='word_1_257' title='bbox 1301 2354 1525 2410; x_wconf 87' lang='lat' dir='ltr'>pauciores</span> <span class='ocrx_word' id='word_1_258' title='bbox 1562 2353 1604 2394; x_wconf 92' lang='lat' dir='ltr'>in</span> <span class='ocrx_word' id='word_1_259' title='bbox 1637 2368 1686 2394; x_wconf 86' lang='lat' dir='ltr'>eo</span> 
     </span>
     <span class='ocr_line' id='line_1_33' title="bbox 54 2421 1682 2478; baseline 0.001 -18"><span class='ocrx_word' id='word_1_260' title='bbox 54 2427 262 2475; x_wconf 86' lang='lat' dir='ltr'>apparent</span> <span class='ocrx_word' id='word_1_261' title='bbox 302 2421 672 2478; x_wconf 85' lang='lat' dir='ltr'>interpolationes,</span> <span class='ocrx_word' id='word_1_262' title='bbox 720 2436 826 2478; x_wconf 89' lang='lat' dir='ltr'>quas</span> <span class='ocrx_word' id='word_1_263' title='bbox 876 2431 1016 2462; x_wconf 86' lang='lat' dir='ltr'>tamen</span> <span class='ocrx_word' id='word_1_264' title='bbox 1060 2421 1112 2462; x_wconf 93' lang='lat' dir='ltr'>ob</span> <span class='ocrx_word' id='word_1_265' title='bbox 1153 2421 1431 2463; x_wconf 89' lang='lat' dir='ltr'>Ambrosiani</span> <span class='ocrx_word' id='word_1_266' title='bbox 1473 2436 1682 2464; x_wconf 88' lang='lat' dir='ltr'>summam</span> 
     </span>
     <span class='ocr_line' id='line_1_34' title="bbox 54 2489 1684 2546; baseline 0.001 -16"><span class='ocrx_word' id='word_1_267' title='bbox 54 2502 163 2541; x_wconf 89' lang='lat' dir='ltr'>quae</span> <span class='ocrx_word' id='word_1_268' title='bbox 210 2489 443 2543; x_wconf 85' lang='lat' dir='ltr'>putabatur</span> <span class='ocrx_word' id='word_1_269' title='bbox 487 2490 794 2545; x_wconf 86' lang='lat' dir='ltr'>praestantiam</span> <span class='ocrx_word' id='word_1_270' title='bbox 842 2504 967 2531; x_wconf 89' lang='lat' dir='ltr'>nemo</span> <span class='ocrx_word' id='word_1_271' title='bbox 1008 2489 1050 2530; x_wconf 92' lang='lat' dir='ltr'>in</span> <span class='ocrx_word' id='word_1_272' title='bbox 1099 2490 1385 2546; x_wconf 85' lang='lat' dir='ltr'>suspicionem</span> <span class='ocrx_word' id='word_1_273' title='bbox 1427 2499 1465 2531; x_wconf 89' lang='lat' dir='ltr'>et</span> <span class='ocrx_word' id='word_1_274' title='bbox 1504 2504 1684 2531; x_wconf 85' lang='lat' dir='ltr'>examen</span> 
     </span>
     <span class='ocr_line' id='line_1_35' title="bbox 54 2557 238 2599; baseline 0.005 -2"><span class='ocrx_word' id='word_1_275' title='bbox 54 2557 238 2599; x_wconf 87' lang='lat' dir='ltr'>vocavit.</span> 
     </span>
    </p>

    <p class='ocr_par' dir='ltr' id='par_1_4' title="bbox 55 2624 1684 2736">
     <span class='ocr_line' id='line_1_36' title="bbox 167 2624 1684 2668; baseline 0.001 -2"><span class='ocrx_word' id='word_1_276' title='bbox 167 2624 227 2667; x_wconf 90' lang='lat' dir='ltr'>Ut</span> <span class='ocrx_word' id='word_1_277' title='bbox 265 2640 290 2667; x_wconf 83' lang='lat' dir='ltr'>a</span> <span class='ocrx_word' id='word_1_278' title='bbox 332 2626 570 2668; x_wconf 87' lang='lat' dir='ltr'>minoribus</span> <span class='ocrx_word' id='word_1_279' title='bbox 616 2627 670 2668; x_wconf 90' lang='lat' dir='ltr'>ad</span> <span class='ocrx_word' id='word_1_280' title='bbox 710 2627 872 2668; x_wconf 84' lang='lat' dir='ltr'>maiora</span> <span class='ocrx_word' id='word_1_281' title='bbox 911 2626 1190 2668; x_wconf 87' lang='lat' dir='ltr'>escendamus</span> <span class='ocrx_word' id='word_1_282' title='bbox 1226 2627 1347 2668; x_wconf 74' lang='lat' dir='ltr'>Stich.</span> <span class='ocrx_word' id='word_1_283' title='bbox 1381 2642 1419 2667; x_wconf 88' lang='lat' dir='ltr'>v.</span> <span class='ocrx_word' id='word_1_284' title='bbox 1452 2625 1535 2668; x_wconf 89' lang='lat'>535</span> <span class='ocrx_word' id='word_1_285' title='bbox 1566 2627 1609 2667; x_wconf 91' lang='lat' dir='ltr'>in</span> <span class='ocrx_word' id='word_1_286' title='bbox 1641 2626 1684 2667; x_wconf 92' lang='lat' dir='ltr'><strong>A</strong></span> 
     </span>
     <span class='ocr_line' id='line_1_37' title="bbox 55 2691 332 2736; baseline 0.004 -3"><span class='ocrx_word' id='word_1_287' title='bbox 55 2691 143 2734; x_wconf 90' lang='lat' dir='ltr'>solo</span> <span class='ocrx_word' id='word_1_288' title='bbox 174 2692 332 2736; x_wconf 86' lang='lat' dir='ltr'>lectum</span> 
     </span>
    </p>
   </div>
   <div class='ocr_carea' id='block_1_4' title="bbox 118 2807 320 2813">
    <p class='ocr_par' dir='ltr' id='par_1_5' title="bbox 118 2807 320 2813">
     <span class='ocr_line' id='line_1_38' title="bbox 118 2807 320 2813; baseline 0 0"><span class='ocrx_word' id='word_1_289' title='bbox 118 2807 320 2813; x_wconf 95' lang='lat' dir='ltr'> </span> 
     </span>
    </p>
   </div>
   <div class='ocr_carea' id='block_1_5' title="bbox 174 2874 935 2920">
    <p class='ocr_par' dir='ltr' id='par_1_6' title="bbox 174 2874 935 2920">
     <span class='ocr_line' id='line_1_39' title="bbox 174 2874 935 2920; baseline 0.001 -12"><span class='ocrx_word' id='word_1_290' title='bbox 174 2875 200 2916; x_wconf 89' lang='lat'>¹)</span> <span class='ocrx_word' id='word_1_291' title='bbox 224 2874 277 2908; x_wconf 86' lang='lat' dir='ltr'>Cf.</span> <span class='ocrx_word' id='word_1_292' title='bbox 304 2875 416 2909; x_wconf 87' lang='lat' dir='ltr'>etiam</span> <span class='ocrx_word' id='word_1_293' title='bbox 441 2875 672 2920; x_wconf 85' lang='lat' dir='ltr'>Leidolphus</span> <span class='ocrx_word' id='word_1_294' title='bbox 697 2887 731 2920; x_wconf 91' lang='lat' dir='ltr'>p.</span> <span class='ocrx_word' id='word_1_295' title='bbox 758 2877 834 2910; x_wconf 78' lang='lat'>217.</span> <span class='ocrx_word' id='word_1_296' title='bbox 860 2876 935 2911; x_wconf 80' lang='lat'>218.</span> 
     </span>
    </p>
   </div>
   <div class='ocr_carea' id='block_1_6' title="bbox 170 2953 1321 2998">
    <p class='ocr_par' dir='ltr' id='par_1_7' title="bbox 170 2953 1321 2998">
     <span class='ocr_line' id='line_1_40' title="bbox 170 2953 1321 2998; baseline -0.001 -11"><span class='ocrx_word' id='word_1_297' title='bbox 170 2955 198 2997; x_wconf 66' lang='grc'>2)</span> <span class='ocrx_word' id='word_1_298' title='bbox 224 2954 446 2988; x_wconf 79' lang='lat' dir='ltr'>Accuratius</span> <span class='ocrx_word' id='word_1_299' title='bbox 472 2953 593 2988; x_wconf 85' lang='lat' dir='ltr'>locum</span> <span class='ocrx_word' id='word_1_300' title='bbox 618 2955 795 2989; x_wconf 79' lang='lat' dir='ltr'>tractavit</span> <span class='ocrx_word' id='word_1_301' title='bbox 820 2955 994 2989; x_wconf 74' lang='lat' dir='ltr'>Groetzius</span> <span class='ocrx_word' id='word_1_302' title='bbox 1019 2955 1041 2989; x_wconf 90' lang='lat' dir='ltr'>l.</span> <span class='ocrx_word' id='word_1_303' title='bbox 1067 2966 1097 2990; x_wconf 88' lang='lat' dir='ltr'>c.</span> <span class='ocrx_word' id='word_1_304' title='bbox 1123 2966 1157 2998; x_wconf 91' lang='lat' dir='ltr'>p.</span> <span class='ocrx_word' id='word_1_305' title='bbox 1184 2955 1248 2989; x_wconf 74' lang='lat'>272</span> <span class='ocrx_word' id='word_1_306' title='bbox 1274 2965 1321 2997; x_wconf 88' lang='lat' dir='ltr'>sq.</span> 
     </span>
    </p>
   </div>
  </div>
 </body>
</html>
