2020 3278
846 133 923 173 107

71 273 167 314 vide
199 273 320 314 infra.
382 271 434 312 ad
468 271 604 312 Stichi
648 278 787 312 autem
820 284 1018 312 scaenam
1050 268 1232 324 primam
1264 275 1486 309 revertens
1526 267 1698 309 adnota-

71 341 203 383 verim
249 340 328 380 hoc
386 340 543 394 ipsum,
587 339 700 395 quod
741 340 783 379 in
816 338 852 379 P
890 337 1089 386 alterum,
1130 337 1172 378 in
1206 338 1241 377 A
1274 344 1503 392 utrumque
1542 351 1695 378 nomen

70 409 288 467 proprium
320 407 474 448 falsum
509 407 708 457 traditur,
742 406 1076 447 luculentissime
1119 405 1411 446 demonstrare
1450 405 1696 459 primariam

71 477 202 519 fuisse
234 477 277 517 in
309 476 554 531 archetypis
579 475 787 516 Plautinis
809 474 1101 515 characterum
1127 472 1495 527 significationem,
1530 471 1700 512 novicia

69 552 109 586 et
141 560 167 587 a
201 543 511 586 correctoribus
553 545 723 584 demum
764 542 884 582 varia
923 542 967 582 in
999 556 1047 583 co
1078 542 1251 582 fortuna
1289 540 1375 581 usis
1422 539 1569 580 addita
1610 554 1700 580 esse

68 613 242 655 nomina
273 612 461 668 propria.

183 681 269 725 Sed
302 682 343 722 in
376 681 470 736 ipsa
499 680 633 721 Sticho
664 679 914 721 correctoris
938 677 1218 720 Ambrosiani
1248 683 1294 718 ut
1326 675 1509 718 audacia
1549 676 1607 717 ita
1640 676 1700 717 in-

68 749 307 791 constantia
329 747 524 790 miranda
547 757 630 789 est:
664 763 763 789 nam
785 762 894 802 quae
926 747 1016 802 ipse
1048 747 1271 788 invenerat
1303 760 1496 787 sororum
1529 745 1700 786 nomina

70 834 152 859 non
186 833 261 874 per
294 825 424 859 totam
457 816 669 866 fabulam,
702 816 816 872 quod
848 817 1166 872 expectaveris,
1206 814 1396 863 induxit,
1438 814 1512 855 sed
1544 813 1627 854 iam
1657 814 1699 854 in

72 900 227 928 scaena
276 886 296 927 I
338 887 363 927 2
401 885 610 941 neglexit;
659 886 727 926 cui
774 900 871 926 cum
919 885 1156 941 antiquitus
1201 882 1541 939 superscriptum
1591 888 1702 924 esset

69 970 234 1009 ,senexz
275 955 488 996 mulieres‘
531 954 597 995 vel
628 969 793 1003 ,senex:
837 954 1035 995 mulieres
1069 953 1207 1002 duae‘,
1245 967 1322 1007 pro
1363 957 1522 1001 ‚senex‘
1555 959 1702 992 auctor

68 1024 138 1066 ille
169 1024 469 1077 Ambrosiani,
503 1030 549 1065 ut
587 1023 713 1073 solet,
754 1022 974 1079 ,Antipho‘
1015 1022 1254 1071 substituit,
1295 1020 1521 1061 mulierum
1559 1028 1701 1061 autem

69 1093 244 1134 nomina
275 1107 372 1134 cum
411 1107 463 1133 ne
505 1092 548 1132 in
581 1092 660 1133 hac
701 1091 873 1147 quidem
914 1106 1067 1132 scaena
1108 1089 1341 1138 inveniret,
1381 1088 1609 1138 ,mulieres‘
1642 1102 1700 1129 re-

70 1162 197 1203 tinuit
230 1161 377 1202 eodem
412 1160 622 1215 exemplo,
654 1174 738 1216 quo
773 1159 893 1201 Stich.
925 1158 967 1201 V
997 1159 1024 1199 4
1055 1158 1258 1208 ‚tibicina‘
1302 1159 1463 1213 (errore
1495 1157 1702 1212 scriptum

75 1244 151 1286 pro
184 1229 413 1283 ‚tibicen‘)‚
454 1227 522 1269 cui
560 1229 694 1284 κωφῷ
725 1227 946 1283 προσώπῳ
986 1242 1138 1268 nomen
1172 1242 1255 1268 non
1295 1235 1405 1275 erat,
1445 1240 1495 1267 ea
1534 1233 1701 1267 tantum

71 1298 124 1339 de
156 1312 286 1339 causa
317 1304 528 1338 remotum
569 1311 652 1337 non
692 1303 772 1350 est3
822 1304 861 1337 et
892 1310 944 1336 ne
983 1295 1085 1349 quid
1119 1295 1248 1345 desit,
1286 1294 1401 1349 quod
1440 1294 1529 1335 eius
1561 1294 1701 1349 negle-

69 1367 258 1421 gentiam
285 1366 555 1407 manifestam
581 1365 758 1406 reddere
783 1364 929 1420 possit,
954 1379 1134 1406 scaenae
1154 1364 1201 1405 II
1225 1364 1250 1405 2
1276 1372 1390 1405 recte
1410 1362 1699 1418 Panegyridis

69 1450 222 1476 nomen
254 1449 275 1476 e
309 1451 347 1478 V.
377 1435 455 1477 331
492 1435 671 1491 petitum
703 1434 1016 1489 superscripsit.
1078 1447 1187 1487 quae
1226 1438 1448 1487 praeterea
1494 1431 1577 1472 huc
1608 1446 1698 1487 per-

70 1504 205 1545 tinent
243 1504 360 1545 casui
399 1504 577 1544 fortasse
611 1502 839 1544 tribuenda
871 1510 980 1545 sunt.
1041 1501 1083 1542 in
1123 1501 1229 1541 Τνίη.
1257 1500 1325 1542 IV
1349 1500 1373 1540 :2
1406 1500 1699 1556 sycophantae

70 1586 217 1614 verum
248 1586 402 1613 nomen
434 1572 656 1621 reticetur3
689 1586 787 1612 nam
810 1570 925 1627 quod
950 1585 988 1610 v.
1015 1570 1096 1612 889
1129 1569 1252 1619 ‚Pax‘
1280 1583 1432 1611 nomen
1466 1569 1545 1610 sibi
1579 1569 1700 1618 indit,

72 1655 210 1682 merae
242 1654 383 1695 nugae
413 1648 522 1682 sunt.
582 1641 625 1681 in
657 1639 693 1680 P
725 1653 904 1680 scaenae
936 1646 1051 1680 recte
1089 1638 1425 1694 superscriptum
1467 1646 1530 1678 est
1570 1651 1702 1692 ,syco-

70 1710 245 1764 phanta,
281 1716 438 1751 senex‘.
499 1709 538 1749 in
572 1708 706 1750 altera
737 1707 983 1749 recensione
1017 1722 1092 1764 pro
1132 1713 1291 1756 ,senex‘
1332 1706 1608 1747 substitutum
1642 1715 1704 1747 est

71 1777 368 1830 ,Charmides‘,
402 1777 693 1833 sycophantae
727 1784 884 1826 autem,
918 1776 1037 1818 cuius
1062 1790 1216 1816 nomen
1248 1774 1542 1830 ignorabatur,
1576 1775 1702 1829 signi-

29 1865 32 1868 ·
70 1846 210 1888 ficatio
226 1861 401 1901 prorsus
422 1846 578 1887 omissa
596 1854 671 1887 est.
734 1845 881 1887 eadem
910 1860 1052 1886 rerum
1077 1843 1272 1885 condicio
1296 1850 1411 1885 extat
1430 1844 1555 1899 Epid.
1575 1842 1643 1886 IV
1664 1844 1701 1893 1,

70 1930 155 1970 qua
184 1915 227 1956 in
259 1929 416 1957 scaena
448 1929 544 1957 cum
576 1914 781 1970 Philippa
825 1923 863 1955 et
897 1913 1164 1968 Periphanes
1196 1912 1445 1968 loquantur,
1490 1912 1702 1968 genuinus

69 1983 220 2026 titulus
250 1984 332 2025 fuit
364 1983 529 2033 ,mulier
561 1990 720 2026 senex‘.
783 1984 904 2024 cuius
937 1982 1121 2039 priorem
1155 1989 1320 2022 tantum
1352 1989 1518 2036 partem
1549 1980 1586 2022 P
1618 1995 1704 2022 ser-

69 2059 225 2093 varunt
263 2052 307 2093 in
337 2052 419 2093 fine
458 2051 754 2107 praecedentis
793 2065 1004 2100 scaenae,
1045 2056 1204 2100 ,senex‘
1246 2065 1348 2091 casu
1389 2050 1594 2090 omissum
1626 2057 1702 2098 est,

70 2135 166 2162 cum
204 2121 293 2162 eius
334 2120 454 2162 verbi
497 2120 674 2162 consilio
714 2120 886 2161 delendi
926 2119 1044 2160 nulla
1091 2118 1328 2174 excogitari
1376 2117 1509 2173 possit
1558 2132 1701 2159 causa.

69 2189 184 2244 quod
216 2204 298 2230 non
331 2189 480 2231 eadem
506 2189 761 2231 confidentia
786 2188 1077 2230 contenderim
1104 2186 1156 2227 de
1174 2185 1452 2227 Ambrosiani
1476 2186 1703 2242 scriptura,

69 2258 108 2298 in
157 2272 240 2312 quo
287 2257 400 2314 quod
446 2257 550 2298 nihil
597 2257 678 2298 nisi
726 2257 1020 2314 ,Periphanes‘
1067 2255 1215 2310 (idque
1257 2269 1340 2295 non
1388 2254 1525 2311 prima
1574 2269 1703 2296 manu

69 2327 293 2383 scriptum)
332 2326 505 2382 legitur,
552 2326 650 2368 inde
688 2327 870 2367 fortasse
911 2324 1193 2381 repetendum
1225 2332 1310 2373 est,
1358 2323 1472 2378 quod
1512 2323 1702 2364 mulieris

70 2409 223 2436 nomen
260 2394 303 2435 in
344 2394 411 2438 IV
451 2397 467 2436 1
502 2410 714 2451 nusquam
746 2394 916 2450 legitur,
949 2392 1023 2434 sed
1056 2394 1097 2433 in
1131 2391 1171 2434 V
1201 2393 1222 2432 1
1255 2406 1380 2433 versu
1413 2391 1496 2434 636
1530 2391 1702 2432 demum

69 2472 438 2505 commemoratur.

184 2531 333 2587 Atque
363 2531 470 2573 haec
502 2531 677 2585 quidem
709 2530 760 2572 de
792 2528 1094 2571 Ambrosiano.
1156 2528 1207 2569 de
1239 2528 1534 2570 Palatinorum
1566 2529 1700 2569 titulis

70 2599 209 2641 minus
252 2608 364 2641 recte
408 2599 552 2641 retulit
594 2599 862 2654 Spengelius.
935 2612 1116 2652 quorum
1154 2596 1358 2637 memoria
1397 2598 1475 2638 etsi
1517 2597 1703 2638 dubitari

70 2668 218 2724 nequit
258 2669 362 2722 quin
394 2683 448 2709 ex
491 2667 721 2708 vetustiore
762 2678 952 2721 tempore
992 2664 1225 2720 repetenda
1258 2665 1327 2715 sit,
1368 2672 1515 2706 tamen
1555 2665 1598 2705 in
1631 2679 1700 2705 eos

69 2735 238 2777 novicia
255 2735 515 2777 inscribendi
534 2734 642 2775 ratio
659 2733 828 2790 saepius
848 2733 1038 2788 inrepsit,
1054 2747 1182 2786 quam
1203 2733 1458 2789 Spengelius
1478 2733 1687 2774 indicavit

69 2818 179 2859 quae
211 2818 306 2846 cum
337 2804 378 2844 in
411 2804 454 2845 A
486 2802 664 2844 consilio
695 2801 1038 2844 constantissime
1071 2801 1242 2842 invecta
1274 2800 1342 2851 sit,
1375 2801 1417 2842 in
1443 2800 1481 2842 P
1513 2801 1701 2856 ipsorum

69 2870 339 2912 librariorum
358 2869 653 2926 neglegentiae
680 2869 912 2910 maximam
942 2876 1109 2926 partem
1126 2885 1220 2910 eam
1247 2869 1392 2911 deberi
1421 2868 1703 2910 certissimum

70 2946 150 2981 est:
191 2953 375 2995 namque
407 2939 486 2980 etsi
518 2938 587 2979 hic
618 2938 704 2979 illic
735 2952 880 2980 omnes
913 2937 1039 2981 huius
1069 2937 1258 2979 familiae
1295 2936 1391 2979 libri
1432 2938 1474 2978 in
1515 2936 1702 2992 appella-
