2020 3278
1028 154 1109 196 144

246 297 464 344 reiecerat,
498 303 592 351 post
618 293 856 349 Bergkium
879 293 1167 348 Niemeyerns
1199 307 1240 347 p.
1272 291 1327 332 24
1360 290 1549 332 defendit
1582 289 1879 331 Palatinorum

247 380 417 407 versum
441 379 462 405 e
487 364 749 405 correctione
772 371 919 404 natum
942 377 1034 403 esse
1057 361 1303 408 arbitratus,
1327 359 1400 400 sed
1431 359 1467 399 is
1497 359 1649 415 „plane
1681 359 1880 400 omittens

244 447 450 491 quaerere
472 431 652 472 omnibus
676 446 752 485 pro
773 432 852 470 suis
875 446 974 471 num
998 429 1231 470 sententiae
1256 427 1380 469 huius
1406 426 1483 468 loci
1512 426 1880 469 accommodatum

243 502 325 542 sit“
357 500 616 557 (Schoellius
654 498 720 539 ed.
759 499 888 540 7}·irz.³
918 499 1016 542 adn.
1049 499 1175 554 crit.).
1225 510 1362 553 neque
1395 495 1507 537 enim
1539 494 1740 537 Callicles
1776 509 1876 536 om-

246 569 399 611 nibus
438 568 558 610 bonis
593 570 789 609 iuvenem
831 569 1006 617 evertit,
1047 582 1145 609 cum
1177 565 1281 606 nihil
1314 564 1394 605 nisi
1433 565 1523 605 eius
1564 563 1736 604 domum
1781 563 1882 604 data

250 638 432 694 pecunia
463 636 623 677 emerit.

358 707 469 747 Pers.
501 704 596 747 515.
629 705 713 747 516
756 718 832 758 pro
865 704 1071 753 ‚Fortuna
1102 703 1318 753 lucrifica‘,
1361 699 1475 757 quod
1506 699 1543 741 P
1577 698 1803 756 praebent,
1838 698 1880 741 A

245 776 465 832 chperto
507 774 630 828 (stud.
663 772 713 813 II
744 787 784 826 p.
817 772 890 828 82)
918 780 1090 813 auctore
1117 771 1325 821 ,Fortuna
1358 768 1569 810 lucrifera‘
1597 767 1736 815 habet,
1763 768 1877 824 quod

245 859 347 886 sane
379 856 458 899 ego
491 856 662 898 quoqne
693 841 908 895 praefero,
950 854 1048 881 cum
1082 840 1246 881 lucrum
1278 839 1437 879 faciant
1470 837 1680 884 homines,
1716 836 1880 878 lucrum

243 914 353 954 ferat
394 911 608 964 Fortuna,
664 909 813 950 eodem
861 909 986 949 modo
1027 908 1350 964 distinguuntur
1388 908 1579 959 luctificus
1620 912 1661 947 et
1700 907 1884 962 luctifer:

246 982 344 1022 Sen.
376 980 497 1022 Herc.
530 979 619 1035 fur.
653 979 734 1019 687
777 978 879 1018 bubo
917 977 1158 1018 nominatur
1190 977 1366 1032 luctifer,
1408 977 1594 1032 itemque
1627 991 1754 1016 annus
1784 974 1882 1018 Val.

244 1049 389 1091 Flaco.
411 1048 512 1102 Ary.
535 1045 573 1097 3,
600 1045 703 1094 4543
737 1053 884 1086 contra
909 1046 1080 1102 luctifica
1106 1045 1237 1085 clades
1259 1043 1347 1087 Cic.
1382 1044 1490 1084 Tusa.
1513 1043 1563 1085 ΙΙ
1589 1042 1651 1096 10,
1678 1043 1744 1093 25,
1772 1044 1882 1084 lucti-

242 1120 321 1172 fica
351 1116 470 1157 verba
501 1114 600 1157 Sen.
632 1115 780 1155 Plzoen.
816 1114 909 1155 132.
945 1114 1123 1170 pac-{feri
1160 1114 1436 1155 nominantur
1476 1112 1543 1153 dei
1577 1112 1780 1169 deaeque,
1811 1127 1883 1167 pa-

249 1187 351 1240 cifici
381 1185 583 1226 dicuntur
614 1182 774 1232 Numa,
807 1197 957 1233 mores,
991 1196 1152 1238 preces.

307 1256 429 1296 Poeu.
462 1253 545 1294 342

359 1323 416 1364 P:
448 1321 591 1364 Proba
614 1336 724 1362 mers
746 1320 872 1361 facile
896 1327 1132 1376 emptorem
1155 1319 1328 1374 reperit,
1359 1318 1526 1359 tametsi
1559 1317 1603 1359 in
1635 1317 1885 1358 abstruso

1610 1386 1746 1427 sitast.

248 1460 304 1511 ,in
343 1459 524 1502 occulto‘
565 1459 621 1508 A,
654 1457 767 1514 quod
800 1464 842 1497 et
890 1456 1088 1497 scaenica
1131 1463 1172 1496 et
1203 1455 1488 1511 grammatica
1520 1454 1781 1496 correctione
1814 1468 1884 1494 na-

247 1537 336 1571 tum
383 1543 474 1569 esse
526 1527 686 1583 pariter
725 1534 874 1583 potest.
923 1541 1021 1566 nam
1069 1536 1113 1567 ut
1158 1525 1283 1566 facile
1333 1523 1423 1565 fieri
1472 1524 1606 1579 potuit
1652 1531 1697 1565 ut
1737 1521 1899 1577 histrio*

248 1596 426 1639 verbum
451 1595 649 1638 usitatius
674 1596 825 1636 rariori
850 1593 1137 1643 substitueret,
1160 1593 1219 1634 ita
1243 1592 1421 1634 verbum
1446 1590 1726 1633 abstrudendi
1744 1605 1884 1646 gram-

248 1665 413 1707 maticis
445 1679 593 1705 ansam
625 1663 794 1705 dedisse
824 1662 1134 1718 interpretandi
1167 1663 1368 1703 docemur
1392 1662 1486 1704 Aul.
1512 1662 1608 1711 617,
1640 1660 1713 1703 ubi
1747 1659 1880 1702 verbo

249 1735 477 1775 abstrusisse
514 1732 557 1774 in
599 1733 638 1773 D
676 1747 803 1773 manu
841 1731 1031 1774 secunda
1063 1731 1402 1787 superscriptum
1434 1738 1498 1770 est
1535 1730 1778 1778 condidisse,
1819 1728 1886 1768 ab·
1925 1745 1931 1749 ·

244 1803 449 1845 scondisse.
483 1801 622 1843 minus
655 1809 753 1856 apte
786 1800 1002 1843 Goetzins
1036 1800 1214 1842 contulit
1245 1799 1351 1842 Acc.
1385 1807 1488 1854 tray.
1520 1798 1603 1853 frg.
1634 1798 1730 1838 462.

307 1871 455 1912 Pseud.
487 1868 571 1911 659

368 1939 432 1980 A:
466 1937 582 1994 apud
614 1953 744 1979 anum
776 1937 897 1978 illam
929 1937 1137 1978 doliarem

369 2007 426 2050 P:
460 2007 576 2064 apud
608 2021 737 2048 anum
769 2006 886 2047 illam
919 2004 1248 2062 diobolare[m].

246 2077 490 2117 diobolarem
551 2090 693 2118 rerum
756 2075 995 2116 condicioni
1061 2075 1231 2116 minime
1296 2073 1495 2115 convenit
1550 2098 1598 2104 -
1659 2087 1756 2113 nam
1821 2071 1873 2112 de

250 2145 427 2187 muliere
467 2144 699 2199 cauponia,
739 2158 822 2184 non
863 2143 914 2184 de
955 2144 1176 2184 meretrice
1219 2157 1358 2184 sermo
1399 2149 1462 2183 est
1493 2167 1548 2173 —
1579 2148 1618 2181 et
1658 2140 1828 2182 videtur
1859 2154 1880 2180 e

249 2228 397 2255 versus
429 2213 551 2254 Poen.
584 2212 668 2253 270
707 2221 859 2262 ,scorta
898 2211 1147 2252 diobolaria‘
1185 2211 1327 2253 fallaci
1361 2210 1563 2251 memoria
1595 2216 1742 2250 natum
1775 2222 1880 2260 esse,

248 2282 330 2323 nisi
362 2283 541 2323 fortasse
573 2282 698 2323 docto
729 2281 895 2323 scribae
927 2280 1117 2322 debetur.

308 2352 455 2394 Pseud.
492 2350 571 2392 901

366 2420 427 2461 A:
462 2418 573 2461 Eum
604 2418 852 2474 promisisse
883 2418 1048 2459 fortiter
1081 2417 1189 2459 dixit
1221 2416 1300 2458 sibi

364 2487 423 2529 P:
457 2487 569 2529 Eum
600 2487 845 2542 promisisse
876 2486 1055 2528 firmiter
1089 2485 1196 2526 dixit
1229 2484 1322 2526 sibi.

250 2558 419 2610 firmiter
451 2555 581 2596 verbo
610 2555 889 2610 promittendi
922 2555 1047 2610 longe
1079 2553 1411 2602 convenientius,
1447 2550 1771 2607 qnamjb1·titer.

310 2624 438 2681 Epid.
469 2626 515 2666 5:
548 2624 663 2665 Satis
695 2631 845 2664 certe
877 2623 1010 2664 oculis
1043 2623 1186 2665 uteris

252 2701 353 2734 recte
396 2693 459 2743 A,
501 2691 616 2746 quod
649 2690 872 2733 damnavit
910 2691 1145 2746 Langenus
1184 2691 1398 2743 Beitraeye
1429 2701 1469 2742 p.
1516 2686 1582 2729 24.
1625 2685 1774 2727 eadem
1806 2684 1886 2725 dis-

253 2760 473 2816 crepantia
524 2759 567 2800 in
614 2758 834 2802 codicibus
883 2759 1134 2801 Horatianis
1179 2757 1395 2799 invenitur
1448 2756 1578 2811 Epist.
1618 2753 1667 2795 II
1708 2754 1751 2803 1,
1807 2753 1888 2796 105

252 2829 426 2880 ,Cautos
456 2827 698 2870 nominibus
730 2828 858 2869 rectis
894 2827 1137 2884 expendere
1177 2832 1400 2876 nummos‘‚
1443 2823 1515 2866 ubi
1554 2822 1747 2866 nonnulli
1788 2821 1887 2864 libri

252 2898 430 2940 alteram
461 2897 684 2939 lectionem
718 2898 831 2938 certis
863 2896 1082 2954 praebent.

311 2967 428 3007 Most.
460 2966 542 3007 679
575 2965 636 3006 A:
670 2964 906 3007 evocadum
939 2965 1125 3019 aliquem
1158 2964 1294 3004 ocius.
