<?xml version="1.0" encoding="UTF-8"?>
<!DOCTYPE html PUBLIC "-//W3C//DTD XHTML 1.0 Transitional//EN"
    "http://www.w3.org/TR/xhtml1/DTD/xhtml1-transitional.dtd">
<html xmlns="http://www.w3.org/1999/xhtml" xml:lang="en" lang="en">
 <head>
  <title>
</title>
<meta http-equiv="Content-Type" content="text/html;charset=utf-8" />
  <meta name='ocr-system' content='tesseract 3.04.00' />
  <meta name='ocr-capabilities' content='ocr_page ocr_carea ocr_par ocr_line ocrx_word'/>
</head>
<body>
  <div class='ocr_page' id='page_1' title='image "./deplautifabularu00baieuoft_0115.png"; bbox 0 0 2020 3278; ppageno 0'>
   <div class='ocr_carea' id='block_1_1' title="bbox 833 125 912 166">
    <p class='ocr_par' dir='ltr' id='par_1_1' title="bbox 833 125 912 166">
     <span class='ocr_line' id='line_1_1' title="bbox 833 125 912 166; baseline 0 0"><span class='ocrx_word' id='word_1_1' title='bbox 833 125 912 166; x_wconf 88' lang='lat'>103</span> 
     </span>
    </p>
   </div>
   <div class='ocr_carea' id='block_1_2' title="bbox 18 260 1686 2083">
    <p class='ocr_par' dir='ltr' id='par_1_2' title="bbox 172 260 1246 322">
     <span class='ocr_line' id='line_1_2' title="bbox 172 260 1246 322; baseline 0 -20"><span class='ocrx_word' id='word_1_2' title='bbox 172 264 317 304; x_wconf 78' lang='lat' dir='ltr'>Pseud.</span> <span class='ocrx_word' id='word_1_3' title='bbox 349 263 431 305; x_wconf 83' lang='lat'>‘220</span> <span class='ocrx_word' id='word_1_4' title='bbox 461 265 758 322; x_wconf 55' lang='lat' dir='ltr'>m&#39;tz‘rlivpsenlmn</span> <span class='ocrx_word' id='word_1_5' title='bbox 790 264 845 313; x_wconf 99' lang='lat' dir='ltr'>A,</span> <span class='ocrx_word' id='word_1_6' title='bbox 879 264 1165 303; x_wconf 58' lang='lat' dir='ltr'>uitirlissivmmz</span> <span class='ocrx_word' id='word_1_7' title='bbox 1202 260 1246 302; x_wconf 85' lang='lat' dir='ltr'>P.</span> 
     </span>
    </p>

    <p class='ocr_par' dir='ltr' id='par_1_3' title="bbox 186 326 1682 380">
     <span class='ocr_line' id='line_1_3' title="bbox 186 326 1682 380; baseline -0.001 -10"><span class='ocrx_word' id='word_1_8' title='bbox 186 332 290 371; x_wconf 63' lang='grc' dir='ltr'>ΊΗη.</span> <span class='ocrx_word' id='word_1_9' title='bbox 316 331 401 373; x_wconf 83' lang='lat'>400</span> <span class='ocrx_word' id='word_1_10' title='bbox 433 333 681 372; x_wconf 72' lang='lat' dir='ltr'>commodum</span> <span class='ocrx_word' id='word_1_11' title='bbox 714 334 791 372; x_wconf 67' lang='lat' dir='ltr'>emit</span> <span class='ocrx_word' id='word_1_12' title='bbox 812 331 869 380; x_wconf 90' lang='lat' dir='ltr'>A,</span> <span class='ocrx_word' id='word_1_13' title='bbox 894 332 1094 371; x_wconf 73' lang='lat' dir='ltr'>commode</span> <span class='ocrx_word' id='word_1_14' title='bbox 1116 329 1152 370; x_wconf 89' lang='lat' dir='ltr'>P</span> <span class='ocrx_word' id='word_1_15' title='bbox 1183 344 1235 369; x_wconf 89' lang='lat' dir='ltr'>ex</span> <span class='ocrx_word' id='word_1_16' title='bbox 1268 326 1435 368; x_wconf 83' lang='lat' dir='ltr'>novicia</span> <span class='ocrx_word' id='word_1_17' title='bbox 1458 327 1682 380; x_wconf 85' lang='lat' dir='ltr'>scriptura.</span> 
     </span>
    </p>

    <p class='ocr_par' dir='ltr' id='par_1_4' title="bbox 58 396 1685 523">
     <span class='ocr_line' id='line_1_4' title="bbox 172 396 1685 456; baseline -0.003 -17"><span class='ocrx_word' id='word_1_18' title='bbox 172 400 317 441; x_wconf 73' lang='lat' dir='ltr'>Pseud.</span> <span class='ocrx_word' id='word_1_19' title='bbox 353 400 435 441; x_wconf 81' lang='lat'>276</span> <span class='ocrx_word' id='word_1_20' title='bbox 462 401 754 456; x_wconf 72' lang='lat' dir='ltr'>propemodmn</span> <span class='ocrx_word' id='word_1_21' title='bbox 785 400 841 447; x_wconf 88' lang='lat' dir='ltr'>A,</span> <span class='ocrx_word' id='word_1_22' title='bbox 870 400 1113 454; x_wconf 72' lang='lat' dir='ltr'>propemoclo</span> <span class='ocrx_word' id='word_1_23' title='bbox 1151 398 1192 446; x_wconf 80' lang='lat' dir='ltr'>P,</span> <span class='ocrx_word' id='word_1_24' title='bbox 1225 404 1271 437; x_wconf 93' lang='lat' dir='ltr'>ut</span> <span class='ocrx_word' id='word_1_25' title='bbox 1310 396 1415 437; x_wconf 62' lang='lat' dir='ltr'>&#39;l&#39;riw</span> <span class='ocrx_word' id='word_1_26' title='bbox 1438 396 1534 438; x_wconf 83' lang='lat'>780.</span> <span class='ocrx_word' id='word_1_27' title='bbox 1568 402 1685 435; x_wconf 85' lang='lat' dir='ltr'>extat</span> 
     </span>
     <span class='ocr_line' id='line_1_5' title="bbox 58 466 1110 523; baseline 0.001 -17"><span class='ocrx_word' id='word_1_28' title='bbox 58 473 199 507; x_wconf 89' lang='lat' dir='ltr'>autem</span> <span class='ocrx_word' id='word_1_29' title='bbox 231 466 271 506; x_wconf 90' lang='lat' dir='ltr'>in</span> <span class='ocrx_word' id='word_1_30' title='bbox 305 467 370 508; x_wconf 94' lang='lat' dir='ltr'>his</span> <span class='ocrx_word' id='word_1_31' title='bbox 402 483 570 522; x_wconf 85' lang='lat' dir='ltr'>quoque</span> <span class='ocrx_word' id='word_1_32' title='bbox 597 470 889 523; x_wconf 74' lang='lat' dir='ltr'><em>propemodum</em></span> <span class='ocrx_word' id='word_1_33' title='bbox 922 467 1110 507; x_wconf 80' lang='lat' dir='ltr'>noviens.</span> 
     </span>
    </p>

    <p class='ocr_par' dir='ltr' id='par_1_5' title="bbox 177 534 1008 592">
     <span class='ocr_line' id='line_1_6' title="bbox 177 534 1008 592; baseline 0.004 -17"><span class='ocrx_word' id='word_1_34' title='bbox 177 535 288 575; x_wconf 75' lang='lat' dir='ltr'>Truc.</span> <span class='ocrx_word' id='word_1_35' title='bbox 321 536 404 577; x_wconf 79' lang='lat'>‘256</span> <span class='ocrx_word' id='word_1_36' title='bbox 433 545 637 592; x_wconf 73' lang='lat' dir='ltr'><em>propterve</em></span> <span class='ocrx_word' id='word_1_37' title='bbox 667 534 723 584; x_wconf 87' lang='lat' dir='ltr'>A,</span> <span class='ocrx_word' id='word_1_38' title='bbox 750 544 928 592; x_wconf 68' lang='lat' dir='ltr'>proterve</span> <span class='ocrx_word' id='word_1_39' title='bbox 960 535 1008 578; x_wconf 92' lang='lat' dir='ltr'>P.</span> 
     </span>
    </p>

    <p class='ocr_par' dir='ltr' id='par_1_6' title="bbox 18 599 1686 1891">
     <span class='ocr_line' id='line_1_7' title="bbox 171 599 1680 659; baseline -0.003 -16"><span class='ocrx_word' id='word_1_40' title='bbox 171 601 225 643; x_wconf 93' lang='lat' dir='ltr'>In</span> <span class='ocrx_word' id='word_1_41' title='bbox 257 617 305 643; x_wconf 90' lang='lat' dir='ltr'>eo</span> <span class='ocrx_word' id='word_1_42' title='bbox 337 610 448 644; x_wconf 84' lang='lat' dir='ltr'>ccrte</span> <span class='ocrx_word' id='word_1_43' title='bbox 481 604 518 643; x_wconf 89' lang='lat' dir='ltr'><strong>A</strong></span> <span class='ocrx_word' id='word_1_44' title='bbox 552 602 759 644; x_wconf 84' lang='lat' dir='ltr'>Palatinis</span> <span class='ocrx_word' id='word_1_45' title='bbox 792 604 917 659; x_wconf 87' lang='lat' dir='ltr'>longe</span> <span class='ocrx_word' id='word_1_46' title='bbox 950 611 1157 658; x_wconf 81' lang='lat' dir='ltr'>praestat,</span> <span class='ocrx_word' id='word_1_47' title='bbox 1199 602 1311 658; x_wconf 85' lang='lat' dir='ltr'>quod</span> <span class='ocrx_word' id='word_1_48' title='bbox 1346 601 1477 642; x_wconf 87' lang='lat' dir='ltr'>multo</span> <span class='ocrx_word' id='word_1_49' title='bbox 1509 599 1680 654; x_wconf 88' lang='lat' dir='ltr'>saepius</span> 
     </span>
     <span class='ocr_line' id='line_1_8' title="bbox 58 668 1684 726; baseline -0.001 -16"><span class='ocrx_word' id='word_1_50' title='bbox 58 684 134 724; x_wconf 92' lang='lat' dir='ltr'>pro</span> <span class='ocrx_word' id='word_1_51' title='bbox 165 672 181 710; x_wconf 77' lang='lat' dir='ltr'>z·</span> <span class='ocrx_word' id='word_1_52' title='bbox 210 670 337 726; x_wconf 84' lang='lat' dir='ltr'>longa</span> <span class='ocrx_word' id='word_1_53' title='bbox 360 670 675 726; x_wconf 84' lang='lat' dir='ltr'>diphthongum</span> <span class='ocrx_word' id='word_1_54' title='bbox 708 673 744 711; x_wconf 85' lang='lat' dir='ltr'>ez&#39;</span> <span class='ocrx_word' id='word_1_55' title='bbox 767 672 967 712; x_wconf 77' lang='lat' dir='ltr'>servavit.</span> <span class='ocrx_word' id='word_1_56' title='bbox 1028 671 1070 712; x_wconf 92' lang='lat' dir='ltr'>in</span> <span class='ocrx_word' id='word_1_57' title='bbox 1102 686 1186 725; x_wconf 87' lang='lat' dir='ltr'>quo</span> <span class='ocrx_word' id='word_1_58' title='bbox 1210 670 1315 710; x_wconf 89' lang='lat' dir='ltr'>illud</span> <span class='ocrx_word' id='word_1_59' title='bbox 1348 684 1475 723; x_wconf 86' lang='lat' dir='ltr'>quam</span> <span class='ocrx_word' id='word_1_60' title='bbox 1498 668 1684 708; x_wconf 81' lang='lat' dir='ltr'><strong>maxime</strong></span> 
     </span>
     <span class='ocr_line' id='line_1_9' title="bbox 57 738 1685 797; baseline -0.001 -19"><span class='ocrx_word' id='word_1_61' title='bbox 57 738 332 780; x_wconf 83' lang='lat' dir='ltr'>memorabile</span> <span class='ocrx_word' id='word_1_62' title='bbox 372 746 453 789; x_wconf 89' lang='lat' dir='ltr'>est,</span> <span class='ocrx_word' id='word_1_63' title='bbox 501 740 615 793; x_wconf 89' lang='lat' dir='ltr'>quod</span> <span class='ocrx_word' id='word_1_64' title='bbox 649 739 688 779; x_wconf 86' lang='lat' dir='ltr'>in</span> <span class='ocrx_word' id='word_1_65' title='bbox 729 739 821 780; x_wconf 86' lang='lat' dir='ltr'>aliis</span> <span class='ocrx_word' id='word_1_66' title='bbox 861 739 1092 797; x_wconf 84' lang='lat' dir='ltr'>comoediis</span> <span class='ocrx_word' id='word_1_67' title='bbox 1132 738 1229 779; x_wconf 85' lang='lat' dir='ltr'>illae</span> <span class='ocrx_word' id='word_1_68' title='bbox 1269 738 1429 779; x_wconf 89' lang='lat' dir='ltr'>formae</span> <span class='ocrx_word' id='word_1_69' title='bbox 1466 738 1557 778; x_wconf 89' lang='lat' dir='ltr'>fere</span> <span class='ocrx_word' id='word_1_70' title='bbox 1590 751 1685 777; x_wconf 88' lang='lat' dir='ltr'>con-</span> 
     </span>
     <span class='ocr_line' id='line_1_10' title="bbox 62 804 1686 864; baseline -0.001 -18"><span class='ocrx_word' id='word_1_71' title='bbox 62 813 244 856; x_wconf 84' lang='lat' dir='ltr'>stanter,</span> <span class='ocrx_word' id='word_1_72' title='bbox 290 807 330 848; x_wconf 88' lang='lat' dir='ltr'>in</span> <span class='ocrx_word' id='word_1_73' title='bbox 379 808 472 848; x_wconf 90' lang='lat' dir='ltr'>aliis</span> <span class='ocrx_word' id='word_1_74' title='bbox 513 823 724 864; x_wconf 83' lang='lat' dir='ltr'>nusquam</span> <span class='ocrx_word' id='word_1_75' title='bbox 766 808 1052 849; x_wconf 88' lang='lat' dir='ltr'>inveniuntur.</span> <span class='ocrx_word' id='word_1_76' title='bbox 1121 822 1216 848; x_wconf 90' lang='lat' dir='ltr'>nam</span> <span class='ocrx_word' id='word_1_77' title='bbox 1257 806 1441 861; x_wconf 89' lang='lat' dir='ltr'>plurima</span> <span class='ocrx_word' id='word_1_78' title='bbox 1488 804 1686 861; x_wconf 88' lang='lat' dir='ltr'>exempla</span> 
     </span>
     <span class='ocr_line' id='line_1_11' title="bbox 57 873 1683 930; baseline -0.001 -15"><span class='ocrx_word' id='word_1_79' title='bbox 57 875 244 916; x_wconf 88' lang='lat' dir='ltr'>continet</span> <span class='ocrx_word' id='word_1_80' title='bbox 274 875 501 926; x_wconf 78' lang='lat' dir='ltr'>Mercator,</span> <span class='ocrx_word' id='word_1_81' title='bbox 542 875 697 918; x_wconf 90' lang='lat' dir='ltr'>deinde</span> <span class='ocrx_word' id='word_1_82' title='bbox 736 884 971 930; x_wconf 83' lang='lat' dir='ltr'>sequuntur</span> <span class='ocrx_word' id='word_1_83' title='bbox 1007 876 1139 917; x_wconf 80' lang='lat' dir='ltr'>Persa</span> <span class='ocrx_word' id='word_1_84' title='bbox 1170 874 1387 916; x_wconf 84' lang='lat' dir='ltr'>Poenulus</span> <span class='ocrx_word' id='word_1_85' title='bbox 1412 873 1683 915; x_wconf 82' lang='lat' dir='ltr'>Menaechmi</span> 
     </span>
     <span class='ocr_line' id='line_1_12' title="bbox 62 942 1683 1000; baseline -0.001 -17"><span class='ocrx_word' id='word_1_86' title='bbox 62 942 267 1000; x_wconf 84' lang='lat' dir='ltr'>Epidicus</span> <span class='ocrx_word' id='word_1_87' title='bbox 306 943 492 993; x_wconf 84' lang='lat' dir='ltr'>Stichus,</span> <span class='ocrx_word' id='word_1_88' title='bbox 533 959 628 985; x_wconf 91' lang='lat' dir='ltr'>cum</span> <span class='ocrx_word' id='word_1_89' title='bbox 661 945 704 985; x_wconf 89' lang='lat' dir='ltr'>in</span> <span class='ocrx_word' id='word_1_90' title='bbox 737 944 888 986; x_wconf 83' lang='lat' dir='ltr'>ceteris</span> <span class='ocrx_word' id='word_1_91' title='bbox 927 953 998 985; x_wconf 88' lang='lat' dir='ltr'>aut</span> <span class='ocrx_word' id='word_1_92' title='bbox 1031 959 1126 984; x_wconf 87' lang='lat' dir='ltr'>raro</span> <span class='ocrx_word' id='word_1_93' title='bbox 1159 951 1232 984; x_wconf 88' lang='lat' dir='ltr'>aut</span> <span class='ocrx_word' id='word_1_94' title='bbox 1272 958 1485 997; x_wconf 82' lang='lat' dir='ltr'>nusquam</span> <span class='ocrx_word' id='word_1_95' title='bbox 1518 949 1683 992; x_wconf 83' lang='lat' dir='ltr'>extent3</span> 
     </span>
     <span class='ocr_line' id='line_1_13' title="bbox 63 1010 1686 1064; baseline -0.001 -12"><span class='ocrx_word' id='word_1_96' title='bbox 63 1011 177 1053; x_wconf 89' lang='lat' dir='ltr'>velut</span> <span class='ocrx_word' id='word_1_97' title='bbox 208 1012 250 1052; x_wconf 93' lang='lat' dir='ltr'>in</span> <span class='ocrx_word' id='word_1_98' title='bbox 283 1012 502 1054; x_wconf 83' lang='lat' dir='ltr'>Pseudulo</span> <span class='ocrx_word' id='word_1_99' title='bbox 534 1028 617 1053; x_wconf 90' lang='lat' dir='ltr'>non</span> <span class='ocrx_word' id='word_1_100' title='bbox 649 1014 729 1054; x_wconf 84' lang='lat' dir='ltr'>nisi</span> <span class='ocrx_word' id='word_1_101' title='bbox 761 1013 802 1053; x_wconf 92' lang='lat' dir='ltr'>in</span> <span class='ocrx_word' id='word_1_102' title='bbox 834 1012 916 1053; x_wconf 89' lang='lat' dir='ltr'>fine</span> <span class='ocrx_word' id='word_1_103' title='bbox 950 1012 1047 1053; x_wconf 91' lang='lat' dir='ltr'>inde</span> <span class='ocrx_word' id='word_1_104' title='bbox 1080 1028 1101 1052; x_wconf 84' lang='lat' dir='ltr'>a</span> <span class='ocrx_word' id='word_1_105' title='bbox 1136 1028 1174 1052; x_wconf 90' lang='lat' dir='ltr'>v.</span> <span class='ocrx_word' id='word_1_106' title='bbox 1210 1012 1318 1052; x_wconf 80' lang='lat'>1179</span> <span class='ocrx_word' id='word_1_107' title='bbox 1359 1020 1399 1052; x_wconf 86' lang='lat' dir='ltr'>et</span> <span class='ocrx_word' id='word_1_108' title='bbox 1429 1010 1471 1051; x_wconf 91' lang='lat' dir='ltr'>in</span> <span class='ocrx_word' id='word_1_109' title='bbox 1504 1018 1686 1064; x_wconf 84' lang='lat' dir='ltr'>utraque</span> 
     </span>
     <span class='ocr_line' id='line_1_14' title="bbox 59 1078 1684 1140; baseline -0.002 -18"><span class='ocrx_word' id='word_1_110' title='bbox 59 1082 232 1138; x_wconf 86' lang='lat' dir='ltr'>quidem</span> <span class='ocrx_word' id='word_1_111' title='bbox 258 1083 502 1124; x_wconf 85' lang='lat' dir='ltr'>recensione</span> <span class='ocrx_word' id='word_1_112' title='bbox 525 1091 746 1140; x_wconf 80' lang='lat' dir='ltr'>apparent.</span> <span class='ocrx_word' id='word_1_113' title='bbox 798 1083 838 1124; x_wconf 91' lang='lat' dir='ltr'>in</span> <span class='ocrx_word' id='word_1_114' title='bbox 865 1083 900 1124; x_wconf 84' lang='lat' dir='ltr'>P</span> <span class='ocrx_word' id='word_1_115' title='bbox 931 1097 1015 1123; x_wconf 90' lang='lat' dir='ltr'>non</span> <span class='ocrx_word' id='word_1_116' title='bbox 1048 1082 1129 1123; x_wconf 91' lang='lat' dir='ltr'>nisi</span> <span class='ocrx_word' id='word_1_117' title='bbox 1154 1081 1336 1137; x_wconf 82' lang='lat' dir='ltr'>sparsim</span> <span class='ocrx_word' id='word_1_118' title='bbox 1361 1081 1404 1122; x_wconf 92' lang='lat' dir='ltr'>in</span> <span class='ocrx_word' id='word_1_119' title='bbox 1429 1078 1684 1136; x_wconf 85' lang='lat' dir='ltr'>quibusdam</span> 
     </span>
     <span class='ocr_line' id='line_1_15' title="bbox 58 1150 1683 1208; baseline 0.001 -18"><span class='ocrx_word' id='word_1_120' title='bbox 58 1150 287 1191; x_wconf 85' lang='lat' dir='ltr'>comoediis</span> <span class='ocrx_word' id='word_1_121' title='bbox 305 1151 583 1193; x_wconf 85' lang='lat' dir='ltr'>inveniuntur</span> <span class='ocrx_word' id='word_1_122' title='bbox 601 1167 812 1208; x_wconf 86' lang='lat' dir='ltr'>saepeque</span> <span class='ocrx_word' id='word_1_123' title='bbox 829 1167 881 1192; x_wconf 87' lang='lat' dir='ltr'>ex</span> <span class='ocrx_word' id='word_1_124' title='bbox 901 1151 1151 1206; x_wconf 81' lang='lat' dir='ltr'>corruptelis</span> <span class='ocrx_word' id='word_1_125' title='bbox 1172 1151 1341 1191; x_wconf 84' lang='lat' dir='ltr'>demum</span> <span class='ocrx_word' id='word_1_126' title='bbox 1361 1155 1683 1203; x_wconf 88' lang='lat' dir='ltr'>recuperantur.</span> 
     </span>
     <span class='ocr_line' id='line_1_16' title="bbox 58 1216 1686 1274; baseline -0.001 -17"><span class='ocrx_word' id='word_1_127' title='bbox 58 1226 102 1258; x_wconf 90' lang='lat' dir='ltr'>ut</span> <span class='ocrx_word' id='word_1_128' title='bbox 127 1218 326 1273; x_wconf 85' lang='lat' dir='ltr'>exempla</span> <span class='ocrx_word' id='word_1_129' title='bbox 349 1233 520 1273; x_wconf 88' lang='lat' dir='ltr'>ponam,</span> <span class='ocrx_word' id='word_1_130' title='bbox 545 1218 743 1260; x_wconf 82' lang='lat' dir='ltr'>Loewius</span> <span class='ocrx_word' id='word_1_131' title='bbox 775 1220 917 1274; x_wconf 78' lang='lat' dir='ltr'>(Anal.</span> <span class='ocrx_word' id='word_1_132' title='bbox 936 1219 1072 1260; x_wconf 72' lang='lat' dir='ltr'>Plaut.</span> <span class='ocrx_word' id='word_1_133' title='bbox 1100 1233 1138 1273; x_wconf 90' lang='lat' dir='ltr'>p.</span> <span class='ocrx_word' id='word_1_134' title='bbox 1165 1217 1255 1259; x_wconf 82' lang='lat'>197.</span> <span class='ocrx_word' id='word_1_135' title='bbox 1280 1218 1374 1260; x_wconf 80' lang='lat'><strong>207.</strong></span> <span class='ocrx_word' id='word_1_136' title='bbox 1400 1218 1501 1273; x_wconf 80' lang='lat'>213)</span> <span class='ocrx_word' id='word_1_137' title='bbox 1522 1216 1686 1257; x_wconf 90' lang='lat' dir='ltr'>monuit</span> 
     </span>
     <span class='ocr_line' id='line_1_17' title="bbox 72 1284 1683 1342; baseline -0.001 -16"><span class='ocrx_word' id='word_1_138' title='bbox 72 1286 177 1329; x_wconf 77' lang='lat' dir='ltr'>Trin.</span> <span class='ocrx_word' id='word_1_139' title='bbox 204 1287 299 1329; x_wconf 79' lang='lat'>230.</span> <span class='ocrx_word' id='word_1_140' title='bbox 329 1287 424 1329; x_wconf 77' lang='lat'><strong>962.</strong></span> <span class='ocrx_word' id='word_1_141' title='bbox 460 1286 546 1330; x_wconf 70' lang='lat' dir='ltr'>Cas.</span> <span class='ocrx_word' id='word_1_142' title='bbox 577 1287 682 1337; x_wconf 80' lang='lat'>118,</span> <span class='ocrx_word' id='word_1_143' title='bbox 711 1288 762 1328; x_wconf 75' lang='lat'>78</span> <span class='ocrx_word' id='word_1_144' title='bbox 795 1302 846 1327; x_wconf 85' lang='lat' dir='ltr'>ex</span> <span class='ocrx_word' id='word_1_145' title='bbox 879 1288 968 1336; x_wconf 71' lang='lat' dir='ltr'>siet,</span> <span class='ocrx_word' id='word_1_146' title='bbox 1010 1286 1123 1342; x_wconf 89' lang='lat' dir='ltr'>quod</span> <span class='ocrx_word' id='word_1_147' title='bbox 1163 1294 1296 1326; x_wconf 85' lang='lat' dir='ltr'>metro</span> <span class='ocrx_word' id='word_1_148' title='bbox 1329 1301 1412 1326; x_wconf 90' lang='lat' dir='ltr'>non</span> <span class='ocrx_word' id='word_1_149' title='bbox 1431 1284 1683 1338; x_wconf 75' lang='lat' dir='ltr'>admittitur,</span> 
     </span>
     <span class='ocr_line' id='line_1_18' title="bbox 57 1353 1681 1412; baseline -0.002 -16"><span class='ocrx_word' id='word_1_150' title='bbox 57 1354 311 1396; x_wconf 89' lang='lat' dir='ltr'>eliciendum</span> <span class='ocrx_word' id='word_1_151' title='bbox 345 1371 436 1397; x_wconf 84' lang='lat' dir='ltr'>esse</span> <span class='ocrx_word' id='word_1_152' title='bbox 465 1358 555 1405; x_wconf 70' lang='lat' dir='ltr'>seit,</span> <span class='ocrx_word' id='word_1_153' title='bbox 594 1371 720 1411; x_wconf 89' lang='lat' dir='ltr'>porro</span> <span class='ocrx_word' id='word_1_154' title='bbox 752 1357 791 1396; x_wconf 92' lang='lat' dir='ltr'>in</span> <span class='ocrx_word' id='word_1_155' title='bbox 817 1357 937 1412; x_wconf 77' lang='lat' dir='ltr'>foras</span> <span class='ocrx_word' id='word_1_156' title='bbox 967 1356 1103 1411; x_wconf 73' lang='lat' dir='ltr'>(True.</span> <span class='ocrx_word' id='word_1_157' title='bbox 1128 1357 1193 1398; x_wconf 81' lang='lat'>95.</span> <span class='ocrx_word' id='word_1_158' title='bbox 1218 1356 1313 1398; x_wconf 77' lang='lat'><strong>289.</strong></span> <span class='ocrx_word' id='word_1_159' title='bbox 1351 1355 1442 1397; x_wconf 78' lang='lat' dir='ltr'>Cas.</span> <span class='ocrx_word' id='word_1_160' title='bbox 1475 1353 1523 1394; x_wconf 90' lang='lat' dir='ltr'>II</span> <span class='ocrx_word' id='word_1_161' title='bbox 1549 1354 1585 1402; x_wconf 77' lang='lat'>7,</span> <span class='ocrx_word' id='word_1_162' title='bbox 1615 1353 1681 1408; x_wconf 87' lang='lat'>11)</span> 
     </span>
     <span class='ocr_line' id='line_1_19' title="bbox 56 1422 1684 1479; baseline -0.002 -15"><span class='ocrx_word' id='word_1_163' title='bbox 56 1425 188 1464; x_wconf 87' lang='lat' dir='ltr'>latere</span> <span class='ocrx_word' id='word_1_164' title='bbox 213 1425 354 1479; x_wconf 73' lang='lat' dir='ltr'>foreis,</span> <span class='ocrx_word' id='word_1_165' title='bbox 387 1425 427 1464; x_wconf 91' lang='lat' dir='ltr'>in</span> <span class='ocrx_word' id='word_1_166' title='bbox 461 1426 615 1466; x_wconf 74' lang='lat' dir='ltr'>obiatus</span> <span class='ocrx_word' id='word_1_167' title='bbox 648 1425 715 1465; x_wconf 92' lang='lat' dir='ltr'>vel</span> <span class='ocrx_word' id='word_1_168' title='bbox 747 1425 884 1465; x_wconf 68' lang='lat' dir='ltr'>abacus</span> <span class='ocrx_word' id='word_1_169' title='bbox 915 1425 1052 1479; x_wconf 80' lang='lat' dir='ltr'>(True.</span> <span class='ocrx_word' id='word_1_170' title='bbox 1086 1424 1186 1479; x_wconf 72' lang='lat'>235)</span> <span class='ocrx_word' id='word_1_171' title='bbox 1226 1425 1389 1464; x_wconf 73' lang='lat' dir='ltr'>oblez‘tus</span> <span class='ocrx_word' id='word_1_172' title='bbox 1419 1423 1480 1478; x_wconf 86' lang='lat' dir='ltr'>(A</span> <span class='ocrx_word' id='word_1_173' title='bbox 1512 1422 1684 1475; x_wconf 75' lang='lat' dir='ltr'>oblitus),</span> 
     </span>
     <span class='ocr_line' id='line_1_20' title="bbox 62 1491 1683 1549; baseline -0.002 -15"><span class='ocrx_word' id='word_1_174' title='bbox 62 1491 149 1534; x_wconf 76' lang='lat' dir='ltr'>Cas.</span> <span class='ocrx_word' id='word_1_175' title='bbox 172 1493 239 1535; x_wconf 89' lang='lat' dir='ltr'>IV</span> <span class='ocrx_word' id='word_1_176' title='bbox 263 1494 303 1542; x_wconf 87' lang='lat'>4,</span> <span class='ocrx_word' id='word_1_177' title='bbox 327 1493 380 1534; x_wconf 86' lang='grc'>23</span> <span class='ocrx_word' id='word_1_178' title='bbox 419 1493 462 1533; x_wconf 90' lang='lat' dir='ltr'>in</span> <span class='ocrx_word' id='word_1_179' title='bbox 495 1495 579 1548; x_wconf 66' lang='lat' dir='ltr'>(cyil</span> <span class='ocrx_word' id='word_1_180' title='bbox 610 1493 685 1549; x_wconf 83' lang='lat' dir='ltr'>(B)</span> <span class='ocrx_word' id='word_1_181' title='bbox 718 1495 807 1534; x_wconf 69' lang='lat' dir='ltr'>eicit</span> <span class='ocrx_word' id='word_1_182' title='bbox 838 1494 923 1548; x_wconf 69' lang='lat' dir='ltr'>(icit</span> <span class='ocrx_word' id='word_1_183' title='bbox 954 1494 1029 1548; x_wconf 86' lang='lat' dir='ltr'>A),</span> <span class='ocrx_word' id='word_1_184' title='bbox 1062 1494 1183 1534; x_wconf 63' lang='lat' dir='ltr'>Poeta.</span> <span class='ocrx_word' id='word_1_185' title='bbox 1203 1493 1287 1535; x_wconf 83' lang='lat'>404</span> <span class='ocrx_word' id='word_1_186' title='bbox 1317 1492 1361 1533; x_wconf 92' lang='lat' dir='ltr'>in</span> <span class='ocrx_word' id='word_1_187' title='bbox 1393 1500 1511 1532; x_wconf 73' lang='lat' dir='ltr'>araca</span> <span class='ocrx_word' id='word_1_188' title='bbox 1543 1492 1683 1539; x_wconf 77' lang='lat' dir='ltr'>eiratcz,</span> 
     </span>
     <span class='ocr_line' id='line_1_21' title="bbox 57 1560 1682 1616; baseline -0.002 -14"><span class='ocrx_word' id='word_1_189' title='bbox 57 1561 140 1603; x_wconf 76' lang='grc'>966</span> <span class='ocrx_word' id='word_1_190' title='bbox 193 1561 235 1602; x_wconf 90' lang='lat' dir='ltr'>in</span> <span class='ocrx_word' id='word_1_191' title='bbox 289 1576 443 1601; x_wconf 70' lang='lat' dir='ltr'>servare</span> <span class='ocrx_word' id='word_1_192' title='bbox 487 1563 673 1610; x_wconf 62' lang='lat' dir='ltr'>seq-wire,</span> <span class='ocrx_word' id='word_1_193' title='bbox 735 1561 845 1601; x_wconf 63' lang='lat' dir='ltr'>Troe.</span> <span class='ocrx_word' id='word_1_194' title='bbox 887 1560 970 1601; x_wconf 82' lang='grc'>486</span> <span class='ocrx_word' id='word_1_195' title='bbox 1023 1560 1066 1600; x_wconf 93' lang='lat' dir='ltr'>in</span> <span class='ocrx_word' id='word_1_196' title='bbox 1119 1562 1168 1601; x_wconf 84' lang='lat' dir='ltr'>(le</span> <span class='ocrx_word' id='word_1_197' title='bbox 1210 1576 1367 1616; x_wconf 71' lang='lat' dir='ltr'>puynas</span> <span class='ocrx_word' id='word_1_198' title='bbox 1411 1562 1460 1601; x_wconf 76' lang='lat' dir='ltr'>(le</span> <span class='ocrx_word' id='word_1_199' title='bbox 1500 1562 1682 1616; x_wconf 39' lang='lat' dir='ltr'>pta-queis,</span> 
     </span>
     <span class='ocr_line' id='line_1_22' title="bbox 55 1627 1682 1684; baseline -0.001 -14"><span class='ocrx_word' id='word_1_200' title='bbox 55 1630 137 1672; x_wconf 80' lang='lat'>532</span> <span class='ocrx_word' id='word_1_201' title='bbox 184 1631 228 1670; x_wconf 87' lang='lat' dir='ltr'>in</span> <span class='ocrx_word' id='word_1_202' title='bbox 279 1631 419 1670; x_wconf 62' lang='lat' dir='ltr'>excido</span> <span class='ocrx_word' id='word_1_203' title='bbox 468 1631 620 1671; x_wconf 51' lang='lat' dir='ltr'>accidet·</span> <span class='ocrx_word' id='word_1_204' title='bbox 673 1631 823 1683; x_wconf 62' lang='lat' dir='ltr'>(ea-eidi</span> <span class='ocrx_word' id='word_1_205' title='bbox 860 1628 964 1684; x_wconf 83' lang='lat' dir='ltr'>OD)</span> <span class='ocrx_word' id='word_1_206' title='bbox 1015 1629 1066 1669; x_wconf 87' lang='lat' dir='ltr'>al.</span> <span class='ocrx_word' id='word_1_207' title='bbox 1138 1629 1226 1669; x_wconf 67' lang='lat' dir='ltr'><em>Mil.</em></span> <span class='ocrx_word' id='word_1_208' title='bbox 1258 1629 1358 1684; x_wconf 73' lang='lat' dir='ltr'>ylor.</span> <span class='ocrx_word' id='word_1_209' title='bbox 1410 1629 1518 1669; x_wconf 84' lang='grc'>1422</span> <span class='ocrx_word' id='word_1_210' title='bbox 1576 1627 1682 1669; x_wconf 91' lang='lat' dir='ltr'>haec</span> 
     </span>
     <span class='ocr_line' id='line_1_23' title="bbox 57 1697 1684 1751; baseline -0.001 -12"><span class='ocrx_word' id='word_1_211' title='bbox 57 1698 251 1739; x_wconf 88' lang='lat' dir='ltr'>codicum</span> <span class='ocrx_word' id='word_1_212' title='bbox 291 1698 493 1739; x_wconf 87' lang='lat' dir='ltr'>memoria</span> <span class='ocrx_word' id='word_1_213' title='bbox 532 1709 612 1739; x_wconf 90' lang='lat' dir='ltr'>est:</span> <span class='ocrx_word' id='word_1_214' title='bbox 662 1714 737 1738; x_wconf 79' lang='lat' dir='ltr'>non</span> <span class='ocrx_word' id='word_1_215' title='bbox 774 1699 868 1739; x_wconf 71' lang='lat' dir='ltr'>eibis</span> <span class='ocrx_word' id='word_1_216' title='bbox 905 1699 968 1748; x_wconf 91' lang='lat' dir='ltr'>A,</span> <span class='ocrx_word' id='word_1_217' title='bbox 1009 1714 1033 1738; x_wconf 76' lang='lat' dir='ltr'>a</span> <span class='ocrx_word' id='word_1_218' title='bbox 1065 1699 1174 1739; x_wconf 77' lang='lat' dir='ltr'>nobis</span> <span class='ocrx_word' id='word_1_219' title='bbox 1204 1697 1253 1746; x_wconf 92' lang='grc' dir='ltr'>Ρ,</span> <span class='ocrx_word' id='word_1_220' title='bbox 1292 1698 1335 1737; x_wconf 92' lang='lat' dir='ltr'>in</span> <span class='ocrx_word' id='word_1_221' title='bbox 1380 1712 1464 1751; x_wconf 89' lang='lat' dir='ltr'>quo</span> <span class='ocrx_word' id='word_1_222' title='bbox 1505 1697 1603 1738; x_wconf 86' lang='lat' dir='ltr'>latet</span> <span class='ocrx_word' id='word_1_223' title='bbox 1636 1697 1684 1737; x_wconf 81' lang='grc' dir='ltr'><em>ηό</em></span> 
     </span>
     <span class='ocr_line' id='line_1_24' title="bbox 59 1766 1686 1822; baseline 0.001 -17"><span class='ocrx_word' id='word_1_224' title='bbox 59 1767 146 1807; x_wconf 81' lang='lat' dir='ltr'>abis</span> <span class='ocrx_word' id='word_1_225' title='bbox 161 1788 204 1798; x_wconf 85' lang='lat'>=</span> <span class='ocrx_word' id='word_1_226' title='bbox 224 1781 300 1806; x_wconf 79' lang='lat' dir='ltr'>non</span> <span class='ocrx_word' id='word_1_227' title='bbox 322 1767 428 1807; x_wconf 71' lang='lat' dir='ltr'>eibis.</span> <span class='ocrx_word' id='word_1_228' title='bbox 467 1767 555 1808; x_wconf 72' lang='lat' dir='ltr'><em>Mil.</em></span> <span class='ocrx_word' id='word_1_229' title='bbox 581 1767 678 1821; x_wconf 68' lang='lat' dir='ltr'>ylor.</span> <span class='ocrx_word' id='word_1_230' title='bbox 702 1767 792 1807; x_wconf 83' lang='grc'>162.</span> <span class='ocrx_word' id='word_1_231' title='bbox 819 1767 898 1808; x_wconf 77' lang='grc'>179</span> <span class='ocrx_word' id='word_1_232' title='bbox 919 1768 1058 1807; x_wconf 76' lang='lat' dir='ltr'>seimz&#39;a</span> <span class='ocrx_word' id='word_1_233' title='bbox 1074 1789 1116 1798; x_wconf 49' lang='lat' dir='ltr'>x</span> <span class='ocrx_word' id='word_1_234' title='bbox 1135 1768 1274 1807; x_wconf 71' lang='lat' dir='ltr'>seimz&#39;a</span> <span class='ocrx_word' id='word_1_235' title='bbox 1296 1766 1343 1807; x_wconf 88' lang='lat' dir='ltr'>P.</span> <span class='ocrx_word' id='word_1_236' title='bbox 1379 1767 1469 1807; x_wconf 76' lang='lat' dir='ltr'><em>Mil.</em></span> <span class='ocrx_word' id='word_1_237' title='bbox 1487 1767 1584 1822; x_wconf 71' lang='lat' dir='ltr'>ylor.</span> <span class='ocrx_word' id='word_1_238' title='bbox 1603 1766 1686 1807; x_wconf 80' lang='lat'>884</span> 
     </span>
     <span class='ocr_line' id='line_1_25' title="bbox 18 1834 1685 1891; baseline 0.001 -16"><span class='ocrx_word' id='word_1_239' title='bbox 18 1835 22 1838; x_wconf 65' lang='grc'><em>’</em></span> <span class='ocrx_word' id='word_1_240' title='bbox 56 1834 99 1874; x_wconf 89' lang='lat' dir='ltr'>in</span> <span class='ocrx_word' id='word_1_241' title='bbox 131 1834 326 1875; x_wconf 85' lang='lat' dir='ltr'>codicum</span> <span class='ocrx_word' id='word_1_242' title='bbox 367 1834 619 1891; x_wconf 88' lang='lat' dir='ltr'>corruptelis</span> <span class='ocrx_word' id='word_1_243' title='bbox 660 1836 874 1876; x_wconf 68' lang='lat' dir='ltr'>‹leasclarei</span> <span class='ocrx_word' id='word_1_244' title='bbox 911 1835 1000 1875; x_wconf 88' lang='lat' dir='ltr'>sive</span> <span class='ocrx_word' id='word_1_245' title='bbox 1041 1836 1188 1876; x_wconf 76' lang='lat' dir='ltr'>assecla</span> <span class='ocrx_word' id='word_1_246' title='bbox 1220 1837 1277 1875; x_wconf 73' lang='lat' dir='ltr'>rei</span> <span class='ocrx_word' id='word_1_247' title='bbox 1308 1834 1409 1876; x_wconf 84' lang='lat' dir='ltr'>latet</span> <span class='ocrx_word' id='word_1_248' title='bbox 1451 1837 1685 1877; x_wconf 53' lang='lat' dir='ltr'>‹least-iared.</span> 
     </span>
    </p>

    <p class='ocr_par' dir='ltr' id='par_1_7' title="bbox 58 1902 1684 2083">
     <span class='ocr_line' id='line_1_26' title="bbox 170 1902 1683 1958; baseline 0.001 -15"><span class='ocrx_word' id='word_1_249' title='bbox 170 1903 294 1944; x_wconf 88' lang='lat' dir='ltr'>Haec</span> <span class='ocrx_word' id='word_1_250' title='bbox 325 1913 436 1951; x_wconf 88' lang='lat' dir='ltr'>sunt,</span> <span class='ocrx_word' id='word_1_251' title='bbox 471 1918 580 1957; x_wconf 83' lang='lat' dir='ltr'>quae</span> <span class='ocrx_word' id='word_1_252' title='bbox 612 1903 654 1943; x_wconf 90' lang='lat' dir='ltr'>in</span> <span class='ocrx_word' id='word_1_253' title='bbox 688 1902 920 1958; x_wconf 89' lang='lat' dir='ltr'>legentium</span> <span class='ocrx_word' id='word_1_254' title='bbox 964 1919 1088 1944; x_wconf 90' lang='lat' dir='ltr'>usum</span> <span class='ocrx_word' id='word_1_255' title='bbox 1121 1903 1243 1958; x_wconf 84' lang='lat' dir='ltr'>quasi</span> <span class='ocrx_word' id='word_1_256' title='bbox 1276 1918 1352 1958; x_wconf 86' lang='lat' dir='ltr'>per</span> <span class='ocrx_word' id='word_1_257' title='bbox 1384 1904 1683 1958; x_wconf 87' lang='lat' dir='ltr'>compendium</span> 
     </span>
     <span class='ocr_line' id='line_1_27' title="bbox 58 1972 1684 2027; baseline 0 -15"><span class='ocrx_word' id='word_1_258' title='bbox 58 1973 249 2013; x_wconf 84' lang='lat' dir='ltr'>conferre</span> <span class='ocrx_word' id='word_1_259' title='bbox 296 1972 446 2020; x_wconf 86' lang='lat' dir='ltr'>libuit;</span> <span class='ocrx_word' id='word_1_260' title='bbox 508 1972 722 2027; x_wconf 87' lang='lat' dir='ltr'>permulta</span> <span class='ocrx_word' id='word_1_261' title='bbox 776 1972 857 2013; x_wconf 89' lang='lat' dir='ltr'>alia</span> <span class='ocrx_word' id='word_1_262' title='bbox 904 1972 1101 2027; x_wconf 86' lang='lat' dir='ltr'>propriae</span> <span class='ocrx_word' id='word_1_263' title='bbox 1155 1972 1501 2013; x_wconf 82' lang='lat' dir='ltr'>commentationi</span> <span class='ocrx_word' id='word_1_264' title='bbox 1555 1986 1684 2013; x_wconf 87' lang='lat' dir='ltr'>reser-</span> 
     </span>
     <span class='ocr_line' id='line_1_28' title="bbox 58 2039 339 2083; baseline 0.004 -2"><span class='ocrx_word' id='word_1_265' title='bbox 58 2039 200 2081; x_wconf 87' lang='lat' dir='ltr'>vanda</span> <span class='ocrx_word' id='word_1_266' title='bbox 231 2049 339 2083; x_wconf 86' lang='lat' dir='ltr'>sunt.</span> 
     </span>
    </p>
   </div>
   <div class='ocr_carea' id='block_1_3' title="bbox 636 2328 1106 2389">
    <p class='ocr_par' dir='ltr' id='par_1_8' title="bbox 636 2328 1106 2389">
     <span class='ocr_line' id='line_1_29' title="bbox 636 2328 1106 2389; baseline -0.009 -13"><span class='ocrx_word' id='word_1_267' title='bbox 636 2329 828 2389; x_wconf 78' lang='lat' dir='ltr'>Caput</span> <span class='ocrx_word' id='word_1_268' title='bbox 864 2328 1106 2374; x_wconf 86' lang='lat' dir='ltr'>tertium.</span> 
     </span>
    </p>
   </div>
   <div class='ocr_carea' id='block_1_4' title="bbox 802 2419 937 2423">
    <p class='ocr_par' dir='ltr' id='par_1_9' title="bbox 802 2419 937 2423">
     <span class='ocr_line' id='line_1_30' title="bbox 802 2419 937 2423; baseline 0 0"><span class='ocrx_word' id='word_1_269' title='bbox 802 2419 937 2423; x_wconf 95' lang='lat' dir='ltr'> </span> 
     </span>
    </p>
   </div>
   <div class='ocr_carea' id='block_1_5' title="bbox 59 2460 1685 2996">
    <p class='ocr_par' dir='ltr' id='par_1_10' title="bbox 59 2460 1685 2996">
     <span class='ocr_line' id='line_1_31' title="bbox 172 2460 1684 2518; baseline -0.001 -17"><span class='ocrx_word' id='word_1_270' title='bbox 172 2460 316 2502; x_wconf 89' lang='lat' dir='ltr'>Plauti</span> <span class='ocrx_word' id='word_1_271' title='bbox 353 2461 521 2502; x_wconf 80' lang='lat' dir='ltr'>fabulas</span> <span class='ocrx_word' id='word_1_272' title='bbox 559 2476 696 2517; x_wconf 91' lang='lat' dir='ltr'>neque</span> <span class='ocrx_word' id='word_1_273' title='bbox 737 2460 790 2502; x_wconf 87' lang='lat' dir='ltr'>ab</span> <span class='ocrx_word' id='word_1_274' title='bbox 829 2462 921 2518; x_wconf 88' lang='lat' dir='ltr'>ipso</span> <span class='ocrx_word' id='word_1_275' title='bbox 960 2470 1088 2517; x_wconf 85' lang='lat' dir='ltr'>poeta</span> <span class='ocrx_word' id='word_1_276' title='bbox 1126 2475 1264 2514; x_wconf 90' lang='lat' dir='ltr'>neque</span> <span class='ocrx_word' id='word_1_277' title='bbox 1313 2460 1402 2500; x_wconf 88' lang='lat' dir='ltr'>eius</span> <span class='ocrx_word' id='word_1_278' title='bbox 1442 2470 1578 2500; x_wconf 84' lang='lat' dir='ltr'>aetate</span> <span class='ocrx_word' id='word_1_279' title='bbox 1611 2460 1684 2500; x_wconf 84' lang='lat' dir='ltr'>sed</span> 
     </span>
     <span class='ocr_line' id='line_1_32' title="bbox 60 2528 1685 2584; baseline -0.001 -14"><span class='ocrx_word' id='word_1_280' title='bbox 60 2529 239 2584; x_wconf 86' lang='lat' dir='ltr'>septimo</span> <span class='ocrx_word' id='word_1_281' title='bbox 271 2529 439 2570; x_wconf 89' lang='lat' dir='ltr'>demum</span> <span class='ocrx_word' id='word_1_282' title='bbox 464 2530 582 2571; x_wconf 90' lang='lat' dir='ltr'>urbis</span> <span class='ocrx_word' id='word_1_283' title='bbox 605 2530 789 2579; x_wconf 86' lang='lat' dir='ltr'>saeculo,</span> <span class='ocrx_word' id='word_1_284' title='bbox 823 2545 918 2570; x_wconf 91' lang='lat' dir='ltr'>cum</span> <span class='ocrx_word' id='word_1_285' title='bbox 951 2530 1003 2571; x_wconf 92' lang='lat' dir='ltr'>ob</span> <span class='ocrx_word' id='word_1_286' title='bbox 1027 2544 1232 2571; x_wconf 85' lang='lat' dir='ltr'>novarum</span> <span class='ocrx_word' id='word_1_287' title='bbox 1266 2528 1586 2570; x_wconf 85' lang='lat' dir='ltr'>comoediarum</span> <span class='ocrx_word' id='word_1_288' title='bbox 1618 2543 1685 2584; x_wconf 90' lang='lat' dir='ltr'>pe-</span> 
     </span>
     <span class='ocr_line' id='line_1_33' title="bbox 59 2597 1684 2653; baseline 0.001 -16"><span class='ocrx_word' id='word_1_289' title='bbox 59 2597 225 2638; x_wconf 85' lang='lat' dir='ltr'>nuriam</span> <span class='ocrx_word' id='word_1_290' title='bbox 255 2607 418 2639; x_wconf 84' lang='lat' dir='ltr'>veteres</span> <span class='ocrx_word' id='word_1_291' title='bbox 440 2598 613 2640; x_wconf 81' lang='lat' dir='ltr'>fabulae</span> <span class='ocrx_word' id='word_1_292' title='bbox 643 2598 796 2638; x_wconf 87' lang='lat' dir='ltr'>iterum</span> <span class='ocrx_word' id='word_1_293' title='bbox 826 2598 866 2638; x_wconf 90' lang='lat' dir='ltr'>in</span> <span class='ocrx_word' id='word_1_294' title='bbox 898 2612 1095 2639; x_wconf 82' lang='lat' dir='ltr'>scaenam</span> <span class='ocrx_word' id='word_1_295' title='bbox 1127 2599 1477 2653; x_wconf 88' lang='lat' dir='ltr'>producerentur,</span> <span class='ocrx_word' id='word_1_296' title='bbox 1510 2612 1592 2638; x_wconf 89' lang='lat' dir='ltr'>non</span> <span class='ocrx_word' id='word_1_297' title='bbox 1626 2597 1684 2638; x_wconf 91' lang='lat' dir='ltr'>sic</span> 
     </span>
     <span class='ocr_line' id='line_1_34' title="bbox 60 2665 1685 2722; baseline 0 -16"><span class='ocrx_word' id='word_1_298' title='bbox 60 2674 104 2707; x_wconf 92' lang='lat' dir='ltr'>ut</span> <span class='ocrx_word' id='word_1_299' title='bbox 137 2676 286 2720; x_wconf 88' lang='lat' dir='ltr'>poetae</span> <span class='ocrx_word' id='word_1_300' title='bbox 318 2681 448 2708; x_wconf 87' lang='lat' dir='ltr'>manu</span> <span class='ocrx_word' id='word_1_301' title='bbox 487 2667 762 2715; x_wconf 86' lang='lat' dir='ltr'>constitutae,</span> <span class='ocrx_word' id='word_1_302' title='bbox 803 2667 876 2707; x_wconf 90' lang='lat' dir='ltr'>sed</span> <span class='ocrx_word' id='word_1_303' title='bbox 908 2674 954 2707; x_wconf 89' lang='lat' dir='ltr'>ut</span> <span class='ocrx_word' id='word_1_304' title='bbox 988 2682 1012 2707; x_wconf 83' lang='lat' dir='ltr'>a</span> <span class='ocrx_word' id='word_1_305' title='bbox 1044 2667 1224 2707; x_wconf 87' lang='lat' dir='ltr'>dominis</span> <span class='ocrx_word' id='word_1_306' title='bbox 1256 2681 1437 2722; x_wconf 82' lang='lat' dir='ltr'>gregum</span> <span class='ocrx_word' id='word_1_307' title='bbox 1469 2680 1546 2721; x_wconf 88' lang='lat' dir='ltr'>pro</span> <span class='ocrx_word' id='word_1_308' title='bbox 1578 2665 1685 2706; x_wconf 86' lang='lat' dir='ltr'>arbi-</span> 
     </span>
     <span class='ocr_line' id='line_1_35' title="bbox 60 2733 1685 2790; baseline -0.001 -15"><span class='ocrx_word' id='word_1_309' title='bbox 60 2742 172 2775; x_wconf 89' lang='lat' dir='ltr'>tratu</span> <span class='ocrx_word' id='word_1_310' title='bbox 213 2748 289 2775; x_wconf 89' lang='lat' dir='ltr'>suo</span> <span class='ocrx_word' id='word_1_311' title='bbox 326 2737 366 2775; x_wconf 91' lang='lat' dir='ltr'>in</span> <span class='ocrx_word' id='word_1_312' title='bbox 405 2750 529 2776; x_wconf 84' lang='lat' dir='ltr'>usum</span> <span class='ocrx_word' id='word_1_313' title='bbox 564 2735 780 2776; x_wconf 86' lang='lat' dir='ltr'>actionum</span> <span class='ocrx_word' id='word_1_314' title='bbox 812 2742 1066 2775; x_wconf 87' lang='lat' dir='ltr'>retractatae</span> <span class='ocrx_word' id='word_1_315' title='bbox 1106 2744 1225 2776; x_wconf 87' lang='lat' dir='ltr'>erant</span> <span class='ocrx_word' id='word_1_316' title='bbox 1270 2734 1520 2790; x_wconf 85' lang='lat' dir='ltr'>singillatim</span> <span class='ocrx_word' id='word_1_317' title='bbox 1551 2733 1685 2774; x_wconf 87' lang='lat' dir='ltr'>editas</span> 
     </span>
     <span class='ocr_line' id='line_1_36' title="bbox 61 2801 1684 2857; baseline -0.001 -13"><span class='ocrx_word' id='word_1_318' title='bbox 61 2817 151 2844; x_wconf 90' lang='lat' dir='ltr'>esse</span> <span class='ocrx_word' id='word_1_319' title='bbox 174 2810 336 2844; x_wconf 90' lang='lat' dir='ltr'>certum</span> <span class='ocrx_word' id='word_1_320' title='bbox 359 2810 432 2846; x_wconf 88' lang='lat' dir='ltr'>est.</span> <span class='ocrx_word' id='word_1_321' title='bbox 493 2817 674 2857; x_wconf 90' lang='lat' dir='ltr'>quorum</span> <span class='ocrx_word' id='word_1_322' title='bbox 705 2817 836 2857; x_wconf 89' lang='lat' dir='ltr'>opera</span> <span class='ocrx_word' id='word_1_323' title='bbox 867 2803 910 2843; x_wconf 89' lang='lat' dir='ltr'>in</span> <span class='ocrx_word' id='word_1_324' title='bbox 942 2813 1149 2856; x_wconf 86' lang='lat' dir='ltr'>quantum</span> <span class='ocrx_word' id='word_1_325' title='bbox 1181 2803 1235 2843; x_wconf 84' lang='lat' dir='ltr'>ad</span> <span class='ocrx_word' id='word_1_326' title='bbox 1267 2810 1376 2843; x_wconf 88' lang='lat' dir='ltr'>totas</span> <span class='ocrx_word' id='word_1_327' title='bbox 1408 2816 1584 2843; x_wconf 87' lang='lat' dir='ltr'>scaenas</span> <span class='ocrx_word' id='word_1_328' title='bbox 1617 2801 1684 2842; x_wconf 92' lang='lat' dir='ltr'>vel</span> 
     </span>
     <span class='ocr_line' id='line_1_37' title="bbox 62 2870 1685 2927; baseline -0.001 -16"><span class='ocrx_word' id='word_1_329' title='bbox 62 2884 313 2912; x_wconf 87' lang='lat' dir='ltr'>scaenarum</span> <span class='ocrx_word' id='word_1_330' title='bbox 345 2878 485 2926; x_wconf 84' lang='lat' dir='ltr'>partes</span> <span class='ocrx_word' id='word_1_331' title='bbox 517 2878 591 2912; x_wconf 87' lang='lat' dir='ltr'>aut</span> <span class='ocrx_word' id='word_1_332' title='bbox 622 2871 875 2912; x_wconf 86' lang='lat' dir='ltr'>resecandas</span> <span class='ocrx_word' id='word_1_333' title='bbox 908 2880 979 2912; x_wconf 90' lang='lat' dir='ltr'>aut</span> <span class='ocrx_word' id='word_1_334' title='bbox 1011 2872 1237 2912; x_wconf 88' lang='lat' dir='ltr'>mutandas</span> <span class='ocrx_word' id='word_1_335' title='bbox 1269 2870 1521 2927; x_wconf 89' lang='lat' dir='ltr'>pertinuerit</span> <span class='ocrx_word' id='word_1_336' title='bbox 1562 2884 1685 2924; x_wconf 87' lang='lat' dir='ltr'>quae-</span> 
     </span>
     <span class='ocr_line' id='line_1_38' title="bbox 64 2937 1685 2996; baseline -0.001 -16"><span class='ocrx_word' id='word_1_337' title='bbox 64 2953 154 2980; x_wconf 89' lang='lat' dir='ltr'>rere</span> <span class='ocrx_word' id='word_1_338' title='bbox 186 2938 285 2981; x_wconf 89' lang='lat' dir='ltr'>huic</span> <span class='ocrx_word' id='word_1_339' title='bbox 325 2939 673 2980; x_wconf 88' lang='lat' dir='ltr'>commentationi</span> <span class='ocrx_word' id='word_1_340' title='bbox 714 2954 796 2980; x_wconf 90' lang='lat' dir='ltr'>non</span> <span class='ocrx_word' id='word_1_341' title='bbox 830 2940 1050 2990; x_wconf 89' lang='lat' dir='ltr'>convenit,</span> <span class='ocrx_word' id='word_1_342' title='bbox 1091 2939 1249 2996; x_wconf 86' lang='lat' dir='ltr'>quippe</span> <span class='ocrx_word' id='word_1_343' title='bbox 1283 2939 1351 2980; x_wconf 90' lang='lat' dir='ltr'>cui</span> <span class='ocrx_word' id='word_1_344' title='bbox 1382 2938 1602 2995; x_wconf 86' lang='lat' dir='ltr'>proposita</span> <span class='ocrx_word' id='word_1_345' title='bbox 1633 2937 1685 2979; x_wconf 91' lang='lat' dir='ltr'>sit</span> 
     </span>
    </p>
   </div>
  </div>
 </body>
</html>
