2020 3278
895 155 949 196 39

111 300 325 335 corrector
346 292 540 334 voculam
564 307 641 332 *non
665 292 854 341 sustulit3
886 291 1100 347 ignoravit
1124 292 1249 342 enim,
1282 306 1374 334 eam
1398 293 1512 348 apud
1533 293 1732 336 Plautum

107 361 223 403 idem
270 360 413 402 valere
460 368 588 417 atque
626 375 770 410 nonne,
820 360 1085 414 eandemque
1126 360 1337 402 inscitiam
1377 361 1562 416 prodidit
1601 363 1733 405 altero

108 430 215 479 loco,
248 428 303 470 ad
334 428 454 470 cuius
488 429 800 470 enarrationem
832 428 917 469 iam
949 436 1130 470 transeo.

161 498 310 539 Pseud.
343 497 426 538 889

219 564 320 609 OD:
352 564 558 606 Molestus
590 578 642 605 ne
675 565 751 605 sis:
783 564 962 606 nimium
994 564 1141 605 tinnis:
1174 579 1259 605 non
1289 565 1446 620 places.

257 633 318 675 B:
350 633 555 675 Molestus
586 648 640 674 ne
672 634 750 674 sis:
785 633 962 674 nimium
995 632 1144 674 tinnis:
1177 648 1258 675 non
1292 641 1420 679 taces,

111 702 271 744 codicis
304 702 458 744 veteris
489 702 694 742 memoria
725 701 865 742 adhuc
898 701 1107 757 neglecta,
1141 709 1188 743 ut
1219 702 1453 757 depravata
1471 704 1644 757 scilicet,
1679 705 1733 746 ad

105 771 298 813 meritam
330 770 582 826 dignitatem
613 769 819 825 perducta
851 779 932 819 est,
965 778 1195 825 postquam
1227 771 1270 812 in
1302 771 1347 813 A
1377 771 1575 814 Loewius
1606 773 1731 828 legit:

221 839 428 882 Molestus
460 853 512 880 ne
543 838 621 880 sis:
652 839 830 880 nimium
862 839 961 879 iam
993 838 1182 879 tinnis:
1216 847 1342 881 tace.

104 907 304 950 Loewius
323 915 464 948 autem
482 921 705 962 perperam
723 907 902 948 iudicat:
927 907 1086 956 ‚turbas
1105 906 1274 949 videtur
1291 908 1487 961 movisse,
1509 909 1624 963 quod
1639 919 1735 965 post

102 977 272 1017 nimium
291 975 564 1016 interciderat
576 975 728 1016 vocula
742 977 1009 1019 iam.‘contra
1025 990 1173 1017 verum
1192 985 1254 1017 est
1272 977 1386 1033 quod
1404 977 1733 1033 pergit:‚quam-

111 1059 239 1100 quam
262 1050 401 1100 potest
426 1043 552 1084 etiam
585 1043 636 1084 de
669 1044 840 1085 diversa
864 1045 1109 1086 recensione
1136 1045 1314 1100 cogitari
1337 1045 1380 1086 in
1406 1045 1519 1087 hunc
1541 1046 1734 1088 modum:

105 1114 275 1154 nimium
305 1113 444 1162 tinnis3
476 1126 551 1152 non
583 1112 743 1153 taces?‘.
776 1113 1082 1168 grammaticus
1119 1113 1231 1155 enim
1271 1127 1367 1154 cum
1407 1129 1482 1155 non
1520 1122 1622 1156 taces
1659 1129 1736 1172 pro

105 1181 438 1237 interrogatione
485 1180 783 1237 accipiendum
829 1195 920 1221 esse
966 1195 1051 1222 non
1098 1182 1236 1237 magis
1282 1181 1566 1239 intellegeret,
1606 1198 1733 1240 quam

113 1250 226 1292 Truc.
244 1249 340 1300 259,
372 1264 449 1291 nou
479 1249 617 1291 deleto
640 1251 724 1290 iam
747 1249 925 1299 addidit,
958 1249 1072 1303 quod
1103 1251 1145 1290 in
1175 1251 1300 1292 huius
1333 1264 1481 1292 versus
1512 1252 1733 1294 sententiis

106 1317 369 1360 brevissimis
387 1326 427 1360 et
444 1317 648 1374 praecisis
665 1318 1041 1374 languidissimum
1058 1326 1122 1359 est
1138 1318 1482 1361 etPalatinorum
1500 1320 1735 1377 scripturae

100 1387 228 1443 longe
248 1386 372 1430 cedit.
404 1394 524 1427 tanta
556 1394 697 1427 autem
729 1386 840 1427 inter
870 1386 984 1428 hunc
1003 1402 1173 1429 versum
1191 1397 1231 1429 et
1256 1388 1367 1431 Tm.
1400 1388 1483 1429 259
1509 1389 1735 1431 intercedit

104 1454 350 1505 similitudo,
382 1463 429 1496 ut
450 1455 523 1495 vix
547 1454 731 1495 dubitari
758 1455 903 1510 possit,
936 1455 1037 1512 quin
1060 1463 1241 1510 utroque
1272 1456 1365 1498 loco
1388 1456 1441 1498 ab
1462 1472 1547 1499 uno
1569 1458 1735 1499 eodem-

103 1539 185 1581 que
204 1532 439 1566 correctore
458 1524 636 1565 mutatio
647 1524 838 1579 profecta
856 1525 920 1565 sit.
938 1525 1086 1566 tertius
1097 1525 1262 1565 accedit
1280 1540 1430 1567 versus
1450 1526 1598 1567 Pseud.
1612 1526 1733 1576 1317,

101 1592 175 1636 ubi
194 1592 232 1635 P
249 1600 363 1634 recte
381 1608 457 1633 non
480 1591 630 1633 audes?
651 1601 890 1643 servarunt,
907 1593 1186 1635 Ambrosiani
1212 1601 1423 1635 corrector
1443 1609 1569 1636 nonne
1585 1595 1736 1636 audes?

103 1662 294 1712 novavit,
326 1662 475 1703 eodem
508 1676 681 1718 prorsus
714 1662 892 1704 consilio
924 1662 1077 1704 ductus
1109 1677 1192 1716 quo
1225 1663 1411 1718 supra.1)

216 1730 355 1773 Simili
387 1739 530 1772 autem
562 1731 687 1772 modo
722 1730 964 1786 corrigendi
1005 1731 1078 1785 qui
1110 1730 1450 1773 Ambrosianum
1488 1732 1733 1772 retracta-vit

102 1814 204 1842 usus
237 1807 299 1841 est
320 1799 466 1840 Pseud.
491 1799 565 1849 243
597 1799 671 1841 ubi
703 1814 798 1840 cum
821 1799 1007 1840 Palatini
1038 1799 1273 1856 praebeant
1306 1801 1412 1841 ludis
1446 1814 1506 1841 me
1537 1801 1632 1842 ludo
1655 1809 1733 1848 tuo,

102 1866 416 1909 Ambrosianus
449 1867 625 1909 exhibet
658 1869 763 1909 ludis
793 1870 839 1909 ia
853 1885 891 1909 m
924 1869 1019 1909 ludo
1050 1876 1126 1921 tuo,
1168 1868 1282 1925 quod
1315 1868 1529 1923 quomodo
1560 1868 1734 1911 Loewio

104 1936 322 1993 imponere
354 1936 557 1993 potuerit,
598 1951 680 1978 non
714 1936 935 1992 intelleg03
978 1946 1040 1977 est
1072 1936 1185 1977 enim
1215 1939 1298 1977 iam
1331 1952 1504 1993 prorsus
1536 1937 1731 1980 otiosum.

216 2004 367 2060 Magni
399 2005 603 2046 momenti
634 2006 689 2046 ad
721 2006 972 2047 correctoris
1003 2006 1260 2047 industriam
1294 2007 1602 2048 aestimanda-m
1636 2015 1734 2049 sunt

103 2089 171 2117 vv.
203 2073 350 2114 Pseud.
382 2073 466 2115 433
499 2082 539 2114 et
569 2074 667 2115 451.
729 2074 773 2115 in
804 2074 957 2130 prioris
989 2089 1152 2124 versus,
1184 2083 1229 2116 ut
1262 2076 1304 2116 in
1336 2075 1381 2117 A
1412 2083 1487 2125 est,
1518 2077 1655 2118 forma

219 2141 305 2185 Sed
338 2142 373 2183 si
405 2142 490 2183 sint
521 2157 570 2183 ea
593 2157 695 2185 vera
725 2151 772 2186 ut
802 2158 916 2184 nunc
947 2158 1038 2185 mos
1076 2150 1138 2184 est
1163 2144 1350 2184 maxime
1380 2144 1456 2186 tibi
1489 2145 1732 2186 renuntiant

104 2210 300 2253 Loewius
332 2210 476 2267 (Anal.
498 2212 563 2253 Pl.
597 2227 636 2268 p.
664 2211 763 2267 167)
795 2212 1010 2268 duplicem
1043 2212 1204 2253 exitum
1238 2212 1365 2254 latere
1398 2212 1518 2262 vidit,
1552 2213 1732 2254 alterum

103 2280 342 2336 genu-inum
373 2289 414 2321 et
446 2295 542 2322 cum
563 2279 601 2321 P
624 2280 917 2322 concinentem
951 2289 993 2321 ut
1018 2296 1119 2321 mmo
1151 2296 1232 2321 mos
1257 2288 1310 2321 est
1332 2283 1517 2328 manime,
1552 2281 1732 2322 alterum

103 2355 147 2388 ut
176 2363 280 2388 mmo
316 2348 391 2389 tibi
428 2350 669 2389 renuntiant.
738 2348 852 2390 hunc
890 2363 987 2390 cum
1030 2348 1228 2390 Loewius
1260 2364 1313 2389 ex
1345 2364 1385 2390 v.
1417 2348 1502 2390 420
1543 2350 1630 2405 (hoe
1661 2350 1735 2390 aliz·

101 2416 202 2457 mila·
228 2416 478 2471 renunciant)
517 2416 586 2458 vel
617 2416 702 2458 430
745 2419 867 2473 (quae
906 2418 980 2458 tibi
1017 2418 1315 2474 ινεηιιηίίαηίαν)
1353 2418 1603 2460 arcessitum
1642 2433 1732 2459 esse

103 2491 287 2534 censeat,
331 2498 420 2526 rem
454 2499 534 2526 acu
566 2499 651 2526 non
683 2486 842 2541 tetigit3
881 2493 944 2527 est
985 2485 1118 2535 enim,
1161 2492 1205 2527 ut
1234 2485 1319 2527 iam
1352 2485 1581 2542 Ussingius
1613 2486 1732 2535 vidit,

106 2551 358 2608 desumptus
390 2567 443 2595 ex
475 2567 514 2596 v,
544 2553 647 2594 451:

223 2620 374 2664 Sintne
406 2621 480 2663 illa
510 2636 644 2664 necne
676 2621 773 2671 sint,
806 2635 916 2678 quae
947 2620 1041 2663 tibi
1071 2621 1392 2664 renuntiant.

219 2803 246 2845 ¹)
271 2802 381 2838 Stich.
406 2803 483 2845 606,
514 2803 578 2837 ubi
603 2803 832 2838 Ritschelius
858 2813 903 2837 ex
927 2804 963 2837 A
988 2803 1116 2838 enofat
1147 2814 1255 2837 nonne
1280 2805 1356 2843 scis,
1384 2814 1467 2838 cum
1493 2802 1523 2838 P
1549 2803 1642 2838 bene
1667 2816 1732 2837 non

105 2867 142 2894 tu
168 2859 237 2894 scis
262 2858 434 2901 habeant,
465 2859 503 2894 in
528 2858 564 2893 A
589 2871 734 2904 quoque
758 2860 811 2894 sic
837 2862 963 2894 extare
989 2859 1265 2894 Studemundus
1291 2860 1484 2904 cognovit3
1525 2859 1569 2893 cf.
1594 2859 1736 2894 Becker

105 2916 148 2950 de
171 2922 256 2960 synt.
283 2916 341 2950 int.
367 2916 432 2950 obl.
465 2928 500 2961 p.
526 2917 590 2952 287
616 2916 697 2950 adn.
772 2916 849 2951 Cas.
874 2916 930 2951 IV
957 2917 995 2959 4,
1028 2917 1073 2951 25
1108 2917 1200 2961 A(g)
1242 2928 1351 2951 nonne
1383 2917 1486 2950 liceat
1520 2922 1669 2960 massere,
1702 2915 1732 2950 P

104 2984 182 3015 non,
209 2983 276 3008 nec
303 2972 499 3017 quicquam
523 2976 726 3019 praeterea.
774 2975 812 3007 at
836 2973 1077 3008 Ambrosiani
1103 2973 1284 3018 scriptura
1312 2973 1453 3007 incerta
1478 2974 1542 3007 est.
