2020 3278
1100 142 1154 184 66

314 277 421 334 spici
451 293 534 320 non
568 285 746 334 poterat.
807 277 922 319 velut
954 286 1093 333 potest
1125 281 1315 321 recensio
1348 280 1459 321 faeta
1481 295 1572 322 esse
1597 281 1717 322 Poen.
1740 281 1836 331 345,
1868 281 1941 324 ubi

313 347 355 388 in
387 346 423 387 P
455 354 536 388 est:

483 415 592 458 Sunt
624 415 728 456 mihi
760 415 874 457 intus
908 415 1049 457 nescio
1082 424 1184 473 quot
1215 417 1392 466 nummi,
1425 418 1542 459 aurei
1573 417 1837 473 lymphatici,

312 484 354 525 in
376 484 440 525 A:
472 484 582 527 Sunt
613 484 668 525 mi
702 484 844 525 nescio
873 492 977 538 quot
1009 486 1172 527 nummi
1205 487 1323 527 aurei
1355 486 1621 543 lymphatici.

313 553 387 594 sed
420 567 650 607 quamnam
685 553 799 594 dices
836 554 1029 594 mutandi
1053 568 1224 596 causam
1257 555 1401 605 fuisse,
1433 555 1633 609 quoniam
1660 562 1941 596 correctorem

311 621 453 662 hiatus
485 620 723 662 studiosum
756 622 887 662 fuisse
926 622 1096 677 ineptus
1137 631 1247 664 esset
1284 623 1356 677 qui
1398 623 1692 676 contenderet,
1732 622 1941 664 sententia

312 697 452 731 autem
485 697 571 730 tam
603 689 732 744 plana
763 696 848 742 est,
896 697 942 731 ut
973 693 1046 732 vix
1079 692 1334 748 expisceris‚
1375 692 1478 746 quid
1517 692 1745 734 correctori
1791 706 1939 733 ansam

312 758 489 799 dederit.
549 757 662 799 idem
696 758 810 800 valet
843 759 895 800 de
926 775 966 801 v.
1000 760 1104 801 601:
1152 760 1220 810 ‚Et
1265 761 1438 815 quidem
1479 760 1601 814 quasi
1639 769 1685 801 tu
1716 759 1939 801 nobiscum

311 827 542 868 adveniens
574 826 700 868 hodie
733 828 935 868 oraveris‘
967 827 1023 881 P3
1070 828 1114 869 A
1146 829 1302 870 omittit
1332 829 1461 879 hodie,
1494 844 1578 885 quo
1609 828 1749 870 hiatus
1781 828 1938 870 existit.

311 910 436 951 porro
473 896 584 937 Pers.
617 895 699 937 392
740 897 920 937 fortasse
958 911 1043 938 non
1081 898 1283 939 mendum
1329 896 1493 938 scribae
1535 905 1617 950 est,
1665 897 1779 951 quod
1819 897 1861 938 in
1894 897 1937 938 A

310 973 443 1006 metro
475 963 594 1006 salvo
626 971 745 1005 extat

514 1032 743 1075 Librorum
775 1033 970 1075 eccillum
1002 1034 1139 1076 habeo
1167 1035 1341 1090 plenum
1373 1034 1492 1075 illum
1525 1034 1734 1083 soracum,

310 1116 406 1143 cum
438 1101 475 1143 P
507 1102 731 1158 archetypi
765 1103 1052 1159 corruptelam
1084 1103 1284 1159 religiose
1316 1103 1600 1144 servaverint:

514 1170 741 1212 Librorum
775 1171 971 1213 eccillum
1004 1171 1140 1213 habeo
1172 1171 1345 1228 plenum
1378 1186 1589 1213 soracum.

309 1238 404 1293 quis
437 1247 579 1281 autem
619 1240 721 1281 certi
760 1239 994 1294 quidquam
1027 1240 1240 1281 affirmare
1273 1240 1462 1282 audeat?
1501 1239 1654 1281 deinde
1687 1253 1938 1295 persuasum

308 1308 457 1361 habeo,
492 1309 582 1350 Mil.
604 1309 703 1364 ylor.
727 1309 810 1349 365
832 1306 1111 1350 Ambrosiani
1129 1309 1377 1351 memoriam
1410 1309 1494 1359 ‚hic
1515 1308 1619 1349 mihi
1651 1308 1759 1349 dixit
1790 1307 1834 1348 id
1869 1308 1939 1363 (id

308 1378 519 1432 incertum)
551 1392 682 1431 quae
707 1378 838 1418 dixi‘
874 1378 1159 1419 adulterinam
1193 1393 1298 1428 esse,
1331 1378 1405 1418 sed
1437 1377 1687 1434 priusquam
1723 1390 1776 1417 ex
1815 1375 1938 1417 Pala-

307 1446 493 1487 tinorum
531 1446 725 1501 apicibus
764 1446 951 1487 evidenti
983 1448 1230 1488 coniectura
1263 1461 1411 1488 verum
1457 1446 1677 1486 inventum
1715 1444 1815 1494 erit,
1854 1458 1937 1484 non

310 1515 448 1556 audeo
480 1515 656 1556 fidenter
687 1530 825 1556 meam
856 1516 1107 1557 sententiam
1141 1515 1279 1557 edere.
1312 1523 1352 1556 et
1383 1515 1508 1556 huius
1540 1513 1654 1555 modi
1686 1513 1782 1556 alia.

1069 1700 1164 1752 §4

424 1788 475 1831 In
497 1789 758 1832 recensendo
780 1797 1041 1831 correctores
1063 1790 1146 1832 hoc
1168 1789 1364 1845 inprimis
1390 1788 1619 1839 studuisse,
1641 1796 1688 1830 ut
1711 1787 1936 1831 structuris

308 1865 350 1900 et
394 1858 541 1899 formis
594 1858 887 1914 grammaticis
944 1859 1136 1914 ipsorum
1181 1858 1446 1914 temporibus
1486 1859 1570 1899 iam
1618 1857 1818 1899 obsoletis
1864 1872 1935 1899 eas

308 1927 632 1977 substituerent,
672 1942 782 1982 quae
814 1942 960 1969 eorum
992 1928 1143 1969 aetatis
1183 1927 1481 1969 consuetudini
1521 1925 1852 1976 conveniebant,
1892 1926 1935 1967 in

308 1996 656 2038 antecedentibus
702 1996 936 2037 identidem
983 1996 1144 2038 dictum
1183 2005 1224 2037 et
1262 1996 1599 2037 demonstratum
1639 2003 1713 2037 est.
1779 1994 1855 2036 sed
1893 1994 1935 2035 in

309 2065 373 2106 his
404 2065 456 2106 de
487 2065 538 2106 iis
569 2071 735 2106 tantum
756 2065 859 2106 locis
885 2065 1079 2120 exposui,
1112 2064 1266 2119 quibus
1289 2074 1459 2120 praeter
1490 2064 1793 2120 grammaticas
1826 2063 1935 2105 alius

308 2148 477 2190 quoque
508 2135 677 2188 generis
699 2133 957 2174 mutationes
980 2133 1322 2174 observabantur
1344 2133 1411 2174 vel
1435 2147 1541 2186 quos
1564 2133 1670 2174 ratio
1693 2132 1934 2188 corrigendi

307 2210 544 2244 ceterorum
595 2202 882 2243 communioni
932 2202 1118 2243 inserere
1177 2201 1363 2243 iubebat.
1439 2210 1484 2243 ut
1530 2202 1699 2257 largum
1744 2201 1933 2242 locorum

307 2285 531 2312 numerum
556 2285 745 2312 seorsum
767 2284 880 2311 nunc
906 2277 1097 2320 tractem,
1129 2269 1172 2310 id
1194 2285 1260 2311 me
1286 2270 1433 2320 movit,
1467 2270 1583 2326 quod
1607 2284 1734 2325 saepe
1756 2268 1932 2310 dubium

307 2347 382 2389 est,
413 2346 556 2380 utrum
588 2339 844 2379 mutationes
876 2353 990 2379 mere
1021 2339 1328 2393 grammaticae
1369 2345 1590 2380 auctorum
1622 2338 1843 2394 utriusque
1875 2352 1935 2379 re-

307 2407 518 2448 censionis
551 2405 830 2448 deliberatum
863 2406 1086 2447 eonsilium
1127 2405 1353 2447 ostendant
1392 2421 1447 2446 an
1490 2406 1557 2447 vel
1595 2406 1932 2462 magistellorum

307 2475 545 2531 imperitiae
577 2475 645 2516 vel
677 2475 947 2516 librariorum
981 2475 1196 2516 erroribus
1228 2474 1474 2515 debeantur.
1536 2474 1653 2516 velut
1684 2475 1725 2515 in
1752 2483 1932 2528 utraque

307 2544 552 2586 recensione
583 2543 663 2584 hoc
688 2543 950 2584 diversitatis
980 2558 1116 2599 genus
1148 2543 1250 2584 satis
1282 2543 1366 2584 late
1392 2550 1519 2598 patet,
1552 2543 1666 2598 quod
1696 2543 1934 2584 continetur

307 2613 350 2654 in
392 2612 654 2668 temporibus
701 2619 742 2653 et
780 2611 916 2653 modis
961 2611 1081 2653 verbi
1120 2611 1173 2652 ad
1206 2613 1304 2652 trita
1336 2612 1438 2653 artis
1476 2612 1781 2669 grammaticae
1813 2627 1931 2667 prae-

308 2688 433 2736 cepta
471 2680 665 2730 mutatis3
712 2680 754 2720 in
801 2694 884 2736 quo
930 2688 994 2721 sat
1034 2694 1160 2736 saepe
1208 2695 1479 2721 numerorum
1517 2695 1691 2735 prorsus
1731 2681 1932 2722 incuriosi

306 2750 479 2791 fuerunt
509 2756 782 2790 correctores.
844 2755 889 2789 ut
919 2749 1116 2804 exempla
1148 2763 1323 2803 ponam,
1355 2763 1464 2802 quae
1496 2748 1538 2788 in
1572 2748 1616 2789 A
1647 2748 1809 2789 rariora
1840 2763 1930 2790 esse

307 2824 640 2859 consentaneum
662 2824 736 2867 est,
768 2816 834 2857 his
856 2816 959 2857 locis
992 2817 1031 2857 in
1055 2817 1099 2857 A
1131 2817 1435 2858 mutationibus
1456 2816 1750 2872 grammaticis
1782 2832 1930 2859 versus

307 2887 513 2927 iacturam
546 2900 697 2941 passus
729 2892 811 2926 est:
846 2885 967 2925 Stich.
1000 2885 1081 2927 (336
1113 2885 1174 2933 P2,
1208 2885 1364 2935 ,Viden
1396 2885 1682 2940 benignitates
1709 2885 1928 2928 hominum

307 2955 386 3012 [ut]
420 2955 583 3009 periere
622 2961 661 2994 et.
694 2953 1003 3010 prothymiae‘3
1050 2953 1113 3007 A,
1147 2961 1193 2994 ut
1226 2955 1376 2996 modus
1409 2953 1814 3009 interrogationibus
1847 2954 1927 2996 usi-
