2020 3278
1028 217 1034 219 ,
1073 155 1138 219 60.

294 289 513 331 Wiihrend
559 290 648 331 also
695 290 762 331 die
810 290 1090 346 palatinische
1136 290 1374 332 Recension
1431 291 1523 332 eine
1575 291 1766 333 erlaubte
1811 292 1915 335 Ver-

286 358 528 413 schleifung
567 358 641 398 der
681 357 832 399 beiden
874 358 1212 414 Anfangssilben
1253 374 1333 400 von
1380 360 1589 401 senectuti
1636 360 1914 402 erforderlich

289 427 447 476 macht‚
480 428 534 467 ist
565 441 607 468 es
640 427 909 480 zweifelhaft‚
955 426 1008 468 ob
1041 427 1116 468 der
1148 427 1525 469 Ambrosianische
1557 427 1800 469 Recensent
1832 427 1914 469 die-

287 495 402 537 selbe
447 495 780 551 Verschleifung
832 496 906 536 mit
955 495 1063 537 Hiat
1113 496 1155 536 in
1207 496 1281 536 der
1328 510 1506 537 caesura
1560 496 1915 552 penthemimeres

285 564 493 606 statuiren
526 563 680 613 wolltc‚
712 564 815 605 oder
847 565 955 605 ohne
988 564 1092 606 Hiat
1125 565 1210 605 und
1232 564 1559 620 Verschleifung
1590 580 1642 606 zu
1674 565 1788 606 lesen
1823 580 1911 607 vor-

287 648 386 689 zog:
411 632 524 675 Suae'
546 633 750 674 senectuti
772 632 978 673 acriorem
1003 632 1182 673 hiemem
1207 639 1344 687 parat.
1397 631 1480 673 Die
1503 639 1659 673 erstere
1682 632 1915 674 Annahme

288 701 361 742 hat
403 704 599 756 grossere
636 699 1126 741 Wahrscheinlichkeitf
1188 708 1229 740 at
1267 699 1301 740 si
1343 699 1632 741 recensionem
1676 701 1916 752 statuimus,

288 784 474 824 quanam
507 784 637 810 causa
670 776 952 809 correctorem
985 770 1016 808 is
1047 768 1221 808 eiecisse
1254 767 1530 823 putabimus?
1577 769 1767 823 profecto
1799 769 1916 811 nulla

289 837 373 879 alia
424 837 661 893 excogitari
721 843 877 892 potest,
928 851 1057 891 quam
1110 846 1326 878 auctorem
1381 837 1639 878 recensionis
1692 853 1915 879 mensurae

287 908 480 947 sen‘e'ctuti
510 906 707 961 ignarum
730 905 773 946 id
806 905 959 960 egisse,
990 913 1037 946 ut
1069 907 1099 945 is
1130 905 1264 946 eiecto
1297 913 1477 946 metrum
1509 912 1780 947 restauraret.
1832 920 1918 960 qua

286 974 510 1015 occasione
549 973 689 1015 oblata
720 973 901 1015 alterum
940 973 1078 1016 locum
1112 981 1296 1014 tractare
1329 973 1369 1014 in
1404 973 1547 1015 animo
1578 981 1660 1023 est,
1707 973 1781 1016 ubi
1812 973 1913 1016 item

288 1044 319 1082 is
351 1057 575 1098 perperam
607 1042 650 1083 in
681 1042 719 1083 A
754 1058 835 1083 non
866 1051 952 1083 tam
985 1042 1164 1084 eiectum
1197 1056 1325 1098 quam
1357 1056 1459 1083 casu
1498 1041 1699 1083 omissum
1736 1042 1917 1084 videtur.

408 1122 514 1162 Trin.
547 1121 643 1164 849.
675 1121 758 1163 850

378 1201 534 1244 Dicam
557 1200 611 1242 ab
634 1215 682 1242 eo
706 1200 957 1242 homine'me
980 1200 1210 1255 accepisse,
1227 1215 1353 1255 quem
1371 1214 1451 1254 ego
1473 1200 1544 1257 qui
1563 1200 1615 1241 sit
1631 1200 1757 1242 homo
1779 1201 1922 1243 nescio

287 1272 351 1312 A:
384 1269 533 1326 Neque
565 1269 663 1311 novi
696 1284 833 1323 neque
864 1278 987 1311 natus
1021 1283 1179 1310 necne
1211 1269 1393 1322 fuerit,
1427 1269 1470 1310 id
1502 1269 1635 1311 solide
1668 1271 1755 1311 scio

287 1339 344 1380 P:
1019 1351 1181 1378 necne
1213 1338 1253 1378 is
1285 1337 1449 1379 fuerit

292 1419 335 1459 in
367 1418 404 1459 P
444 1432 541 1459 cum
574 1420 606 1458 is
637 1423 852 1458 servatum
898 1417 965 1466 sit,
1011 1417 1119 1459 bene
1161 1417 1485 1472 distinguuntur
1523 1418 1647 1458 nescio
1681 1431 1802 1472 neque
1835 1419 1924 1458 novi

289 1513 338 1517 —
391 1501 513 1542 neque
544 1488 587 1527 id
617 1487 740 1528 solide
780 1489 876 1535 seio,
925 1494 1041 1527 natus
1081 1501 1195 1527 necne
1235 1488 1265 1526 is
1288 1487 1431 1542 suerit.
1507 1487 1632 1526 nescio
1671 1500 1794 1540 neque
1835 1487 1924 1526 novi

289 1570 435 1596 omnes
458 1555 598 1597 sciunt
629 1563 717 1596 tam
739 1563 828 1597 arte
860 1555 1088 1596 coniuncta
1121 1569 1225 1604 esse,
1260 1564 1303 1595 ut
1325 1553 1447 1608 quasi
1479 1553 1520 1594 in
1553 1568 1682 1594 unam
1707 1553 1919 1594 notionem

289 1624 536 1666 coaluerint.
618 1639 798 1679 quorum
851 1623 1064 1665 obiectum
1117 1638 1232 1679 quem
1286 1637 1381 1663 cum
1433 1622 1475 1662 in
1529 1621 1739 1662 sententia
1785 1621 1921 1663 altera

291 1691 471 1733 subiecti
496 1693 590 1733 vice
613 1693 832 1747 fungatur,
865 1691 1016 1732 iterata
1040 1690 1303 1747 pronominis
1326 1689 1481 1745 positio
1505 1689 1539 1730 si
1562 1704 1645 1730 non
1665 1690 1922 1740 necessaria,

290 1768 429 1802 tamen
462 1760 684 1816 aptissima
716 1768 790 1803 est.
852 1760 1049 1815 exemplo
1082 1760 1135 1800 sit
1166 1760 1293 1815 Epid.
1325 1759 1430 1800 576:
1464 1758 1590 1813 ‚Quia
1621 1773 1714 1814 ego
1746 1758 1923 1800 istanc

291 1844 400 1884 quae
433 1829 509 1870 siet
542 1844 679 1885 neque
718 1831 805 1870 scio
837 1844 975 1885 neque
1008 1829 1127 1876 novi,
1170 1843 1307 1883 neque
1349 1843 1441 1884 ego
1480 1828 1614 1869 hanc
1658 1826 1792 1868 oculis
1833 1826 1921 1868 vidi

291 1905 388 1939 ante
436 1898 549 1939 hunc
596 1898 734 1939 diem.‘
795 1897 867 1938 ubi
914 1897 947 1937 si
996 1897 1211 1938 obiectum
1262 1898 1386 1937 istanc
1431 1905 1558 1951 poeta
1604 1894 1799 1951 repetivit
1847 1909 1922 1951 per

290 1967 404 2016 hanc,
423 1974 584 2021 quanto
602 1966 875 2007 verisimilius
899 1974 959 2007 est
989 1980 1085 2007 eum
1123 1965 1235 2006 idem
1268 1965 1310 2005 in
1348 1965 1572 2005 Trinummi
1597 1978 1718 2005 versu
1752 1963 1920 2016 fecisse,

289 2035 361 2076 ubi
394 2033 608 2076 obiectum
641 2035 792 2090 prioris
824 2034 1059 2076 sententiae
1090 2033 1133 2073 in
1167 2033 1408 2076 subiectum
1440 2032 1615 2074 alterius
1648 2031 1812 2075 transit.

417 2115 522 2155 Trin.
556 2114 640 2156 560

349 2194 402 2236 P:
439 2194 599 2249 Lepide
630 2194 772 2236 hercle
806 2193 865 2235 de
896 2208 1000 2249 agro
1033 2208 1112 2250 ego
1143 2193 1255 2234 hunc
1288 2206 1430 2233 senem
1463 2191 1650 2233 deterrui

354 2263 412 2304 A:
437 2262 601 2318 Lepide
624 2263 765 2304 hercle
798 2278 902 2318 agro
935 2277 1014 2319 ego
1047 2262 1144 2303 hoc
1176 2261 1289 2302 hunc
1323 2276 1467 2303 senem
1500 2260 1699 2303 deterrui.

294 2343 347 2384 de
378 2343 561 2384 sanitate
601 2358 748 2384 versus
785 2343 1081 2384 Palatinorum
1120 2357 1243 2383 nemo
1284 2341 1518 2391 dubitabit3
1556 2341 1609 2383 de
1646 2338 1926 2382 Ambrosiani

297 2421 438 2453 autem
473 2412 723 2452 correctoris
750 2411 933 2461 consilis,
967 2426 1062 2452 cum
1095 2418 1274 2452 metrum
1299 2409 1517 2451 turbatum
1541 2409 1606 2458 sit,
1641 2408 1926 2465 periculosum

297 2488 357 2522 est
392 2480 594 2523 iudicare.
656 2480 690 2521 si
723 2495 823 2521 vero
849 2487 1021 2536 propter
1043 2479 1257 2535 duplicem
1291 2477 1623 2533 discrepantiam
1652 2475 1926 2518 statuendum

298 2563 390 2590 esse
414 2548 595 2598 videtur,
619 2563 701 2589 non
727 2563 822 2589 cum
845 2548 1121 2589 Lachmanno
1145 2562 1313 2588 versum
1336 2546 1389 2587 ad
1414 2546 1524 2587 hanc
1548 2546 1741 2595 formam,
1763 2543 1927 2601 Lepide

298 2616 440 2658 hercle
473 2617 577 2672 agro
609 2631 688 2672 ego
720 2616 800 2658 hoc
829 2616 943 2657 hunc
969 2630 1113 2657 senem
1145 2615 1346 2657 deterrui‘
1379 2614 1518 2656 redire
1550 2613 1811 2669 putaverim,
1852 2612 1927 2654 sed

299 2684 439 2740 potius
486 2684 540 2726 ad
588 2684 765 2740 ‚Lepide
804 2684 947 2726 hercle
988 2699 1092 2740 agro
1139 2684 1219 2725 hoc
1262 2698 1341 2740 ego
1372 2684 1486 2724 hunc
1527 2696 1670 2723 senem
1711 2681 1927 2724 deterrui!

301 2754 421 2808 origo
473 2760 617 2794 autem
671 2753 917 2794 mutationis
959 2752 1057 2794 inde
1106 2752 1339 2808 repetenda
1379 2751 1567 2801 videtur,
1622 2750 1736 2805 quod
1777 2757 1849 2791 aut
1880 2751 1930 2791 de

303 2831 395 2878 post
444 2821 569 2862 hercle
615 2821 777 2862 excidit
823 2829 894 2862 aut
927 2836 1168 2862 mensuram
1212 2822 1262 2861 ‹le'
1297 2836 1395 2876 (tyro
1433 2827 1644 2862 corrector
1676 2833 1758 2860 non
1792 2817 1928 2874 magis

304 2889 501 2944 probavit
532 2904 659 2944 quam
700 2890 805 2930 Trite.
841 2889 962 2931 1078.
1024 2890 1146 2931 Mero.
1180 2889 1284 2939 5343
1328 2890 1380 2929 cf.
1413 2903 1453 2943 p.
1489 2886 1553 2930 19.
1614 2886 1764 2928 vitium
1798 2886 1930 2942 igitur

307 2958 394 3000 sive
427 2971 610 2999 errorem
644 2965 856 3001 corrector
887 2957 1032 2999 addito
1063 2958 1132 2998 hoc
1163 2956 1310 2998 tollere
1342 2955 1516 2998 studuit.
