2020 3278
831 166 882 207 81

46 311 324 344 correctorem
362 301 655 343 Palatinorum
696 303 836 343 ambae
875 302 1099 352 tolerasse,
1143 304 1246 350 istic,
1280 310 1326 344 ut
1358 303 1545 344 numeris
1577 319 1668 358 pro-

48 372 243 426 spiceret,
262 370 434 411 eiecisse
452 371 712 412 credendum
732 379 806 412 est.
831 371 905 411 sed
924 371 1186 424 comparatio
1206 386 1405 412 versuum
1422 372 1544 412 Poen.
1565 372 1669 414 1211

157 439 283 480 Prius
324 453 452 492 quam
500 439 647 489 abitis,
697 455 770 481 vos
810 439 907 481 volo
946 438 1113 493 ambas3
1165 440 1244 480 nisi
1290 440 1408 496 piget
1453 440 1671 483 consistite

45 515 86 549 et
102 507 250 548 Bacch.
273 507 382 547 1140
398 507 508 556 ‚ilico
532 507 682 548 ambae
699 516 886 549 manete:
906 508 985 548 hae
1004 507 1151 549 volunt
1168 511 1258 549 vos‘
1277 523 1411 563 paene
1429 523 1495 550 me
1513 517 1669 558 movet,

47 585 91 617 ut
123 576 264 616 ambae
310 575 533 625 retineam,
576 578 660 616 istic
704 583 847 618 autem
878 577 920 617 in
953 576 995 616 A
1028 590 1081 617 ex
1113 592 1153 617 v.
1186 576 1240 617 93
1271 592 1371 627 ,non
1403 577 1530 620 sedeo
1561 577 1671 619 istic‘

46 643 352 699 interpolatum
384 644 640 685 existimem.

104 713 224 755 Stich.
257 712 340 753 342

157 781 221 823 A:
252 781 446 837 Ecquem
476 782 743 825 convenisti?
774 782 784 837 Η
813 782 987 824 multos.
1018 784 1027 839 11
1055 790 1099 824 at
1128 782 1267 825 virum
1299 785 1320 826 ¹?
1353 783 1552 839 equidem
1582 783 1673 841 plu-

1130 865 1259 892 rlmos

157 917 215 958 P:
247 917 442 971 Ecquem
464 916 730 960 convenisti?
749 917 759 973 Η
775 917 942 961 multos,
960 918 969 973 ίΙ
987 926 1030 959 at
1047 920 1188 960 virum
1207 918 1416 975 ecquem?
1434 919 1445 974 Η
1466 919 1672 974 plurimos

46 987 96 1028 de
114 986 241 1028 simili
259 986 301 1026 in
312 985 453 1027 verbis
474 986 583 1026 inter
600 1000 804 1042 personas
823 985 1129 1028 distribuendis
1147 987 1437 1043 discrepantia
1448 988 1544 1030 vide
1554 988 1672 1044 p.63.

103 1055 225 1096 Stich.
258 1054 341 1097 586

159 1124 214 1163 A:
250 1122 466 1163 Valuistin
498 1121 636 1165 bene?
657 1122 666 1178 Η
690 1128 1061 1164 sustentatumst
1093 1123 1253 1167 sedulo.
1279 1124 1289 1180 Η
1312 1124 1464 1180 edepol
1484 1125 1667 1181 gaudeo.

45 1191 306 1242 ,sustentavi‘
338 1191 386 1233 P.
447 1190 743 1232 Palatinorum
785 1193 990 1233 memoria
1021 1200 1066 1234 ut
1098 1194 1240 1235 minus
1273 1194 1489 1247 exquisita
1521 1194 1671 1236 cedere

45 1260 213 1301 videtur
250 1259 558 1309 Ambrosiano3
606 1266 791 1300 attamen
831 1260 910 1302 hoc
952 1261 1053 1302 mihi
1100 1261 1317 1317 quandam
1361 1261 1671 1305 dubitationem

45 1328 182 1378 inicit,
216 1327 329 1384 quod
362 1343 400 1368 v,
432 1327 514 1368 467
549 1328 697 1369 eadem
730 1328 862 1370 verba
892 1337 1232 1379 ,sustentatumst
1263 1330 1426 1372 sedulo‘
1455 1331 1673 1386 leguntur,

45 1398 246 1452 quocirca
284 1397 462 1438 fortasse
515 1411 597 1438 non
634 1396 767 1438 falsus
814 1398 869 1438 sit
907 1399 981 1452 qui
1020 1398 1202 1440 coniciat
1251 1406 1533 1441 correctorem
1570 1399 1674 1441 Am·

47 1465 253 1515 brosiani,
291 1480 417 1521 quem
455 1473 495 1506 et
532 1465 637 1506 alias
671 1465 725 1506 ad
758 1481 906 1508 versus
938 1467 1239 1509 antecedentes
1271 1469 1522 1509 memoriam
1552 1482 1671 1511 revo-

45 1549 163 1576 casse
199 1533 395 1583 vidimus,
428 1548 477 1574 ea
508 1534 604 1575 inde
638 1535 679 1575 in
712 1534 824 1576 hunc
858 1550 1028 1577 versum
1058 1536 1341 1578 transtulisse.
1387 1536 1533 1592 itaque
1557 1537 1670 1580 hunc

44 1603 184 1646 locum
216 1602 423 1643 noluerim
454 1617 531 1657 pro
563 1610 676 1644 certo
715 1604 973 1646 recensionis
1005 1605 1259 1648 documento
1284 1604 1445 1647 haberi.
1493 1605 1672 1648 alterum

45 1686 145 1713 vero
183 1670 376 1712 eiusdem
415 1671 672 1711 recensionis
719 1673 984 1728 exemplum,
1032 1673 1144 1729 quod
1190 1672 1475 1728 Niemeyerus
1520 1673 1676 1716 adtulit

45 1755 143 1796 pag.
183 1740 258 1789 36,
303 1740 414 1779 Tmo.
447 1739 529 1780 369
568 1740 841 1782 eximendum
884 1748 965 1791 est,
1008 1740 1180 1797 quando
1220 1739 1394 1794 quidem
1433 1739 1673 1783 Schoellius

45 1809 194 1865 (praes.
233 1808 345 1848 Truc.
384 1823 424 1862 p.
464 1807 608 1864 XIX)
648 1808 957 1851 demonstravit
1000 1809 1055 1850 ad
1096 1807 1275 1850 eandem
1308 1815 1437 1864 atque
1467 1808 1512 1850 A
1543 1810 1673 1864 scrip-

47 1884 186 1919 turam
220 1876 346 1918 etiam
379 1875 414 1917 P
445 1876 598 1918 redire.

104 1945 227 1987 Stich.
260 1945 342 1986 587

158 2015 223 2055 A:
255 2014 423 2069 Edepol
446 2028 497 2055 ne
520 2028 599 2070 ego
631 2029 743 2056 nunc
774 2014 877 2056 mihi
909 2014 1204 2057 mediumnum
1236 2013 1351 2056 mille
1384 2029 1475 2057 esse
1507 2014 1672 2072 argenti

1135 2082 1265 2124 velim

160 2151 218 2192 B:
250 2151 417 2205 Edepol
449 2166 500 2192 ne
533 2159 702 2206 egomet
733 2151 835 2192 mihi
866 2150 1064 2192 mededia
1095 2151 1147 2193 ffe
1179 2150 1294 2192 mille
1327 2165 1361 2194 e.
1394 2166 1434 2208 q.
1467 2166 1500 2192 s.

160 2219 270 2262 OD:
304 2219 470 2274 Edepol
502 2235 553 2261 ne
585 2227 754 2275 egomet
785 2219 887 2260 mihi
918 2219 1104 2261 mediam
1135 2235 1250 2262 nunc
1281 2219 1397 2261 mille
1429 2234 1464 2261 e.
1496 2235 1538 2275 q.
1569 2235 1602 2262 s.

161 2287 224 2330 Of.
256 2287 451 2329 Muelleri
483 2288 596 2329 Pros.
636 2289 772 2328 Plane.
805 2290 903 2329 aelel.
943 2303 983 2343 p.
1028 2288 1110 2329 144
1154 2288 1251 2329 adn.
1299 2288 1351 2330 de
1398 2287 1672 2330 Ambrosiani

47 2357 225 2398 veritate
248 2371 331 2398 non
355 2355 525 2407 dubit03
558 2357 609 2397 (le
634 2356 929 2398 Palatinorum
954 2371 1067 2410 vero,
1091 2371 1143 2397 ex
1168 2355 1322 2411 quibus
1347 2355 1426 2398 OD
1448 2357 1504 2398 ad
1526 2356 1671 2398 arche·

49 2432 200 2480 typum
240 2424 417 2480 propius
456 2425 666 2467 accedunt
704 2440 833 2479 quam
871 2425 921 2477 B,
963 2426 1209 2466 recensione
1247 2424 1445 2467 bifariam
1484 2425 1673 2467 iudicare

47 2492 158 2534 lieet.
206 2500 342 2548 potest
389 2493 499 2533 enim
546 2507 599 2533 ex
642 2492 813 2548 ingenio
860 2494 1108 2535 correctoris
1148 2493 1218 2534 hic
1257 2508 1404 2535 versus
1441 2493 1673 2548 prodiisse:

49 2550 229 2616 ,Edepol
260 2576 312 2602 ne
345 2569 513 2615 egomet
544 2561 647 2601 mihi
678 2575 791 2602 nunc
822 2561 1013 2603 modium
1045 2562 1158 2603 mille
1191 2577 1283 2603 esse
1318 2563 1486 2618 argenti
1517 2561 1672 2605 velim‘.

48 2629 123 2670 sed
161 2630 195 2670 si
234 2629 550 2686 comparaveris
589 2628 866 2671 Ambrosiani
903 2630 1066 2671 litteras
1108 2632 1382 2671 mediumnum
1420 2644 1519 2671 cum
1548 2629 1673 2670 Pala·

48 2698 233 2738 tinorum
271 2696 465 2753 apicibus
506 2698 803 2748 mediumnum,
841 2699 885 2739 in
916 2698 982 2739 his
1013 2698 1120 2739 nihil
1151 2699 1233 2740 nisi
1264 2700 1510 2740 medimnum
1540 2697 1672 2739 latere

49 2765 237 2815 videtur,
284 2773 330 2807 ut
374 2766 434 2807 sic
480 2767 729 2806 correctoris
775 2780 924 2807 versus
962 2766 1236 2822 refingendus
1277 2767 1350 2807 sit:
1405 2755 1588 2820 ,Edepol
1619 2780 1670 2806 ne

49 2841 219 2889 egomet
256 2834 360 2874 mihi
407 2834 669 2874 medimnum
716 2834 830 2875 mille
878 2849 970 2875 esse
1016 2835 1183 2890 argenti
1229 2834 1385 2875 velim‘.
1459 2833 1535 2874 sed
1579 2840 1674 2875 utro

50 2908 90 2942 te
121 2910 276 2952 vertas,
307 2901 387 2943 hoe
420 2915 584 2942 certum
616 2902 798 2951 videtur,
831 2901 1041 2956 syllabam
1074 2910 1151 2943 met
1183 2917 1208 2943 a
1239 2907 1476 2941 correctore
1508 2900 1670 2941 illatam

52 2984 156 3020 esse,
190 2978 234 3011 ut
264 2970 390 3010 metri
422 2970 721 3011 detrimentum
753 2970 958 3025 expleret.

1430 3049 1450 3083 ὓ
