2020 3278
822 143 900 185 127

46 283 89 323 in
121 283 163 323 A
195 281 492 324 Studemundo
524 287 629 322 teste
662 287 781 322 sunt:

729 347 870 392 TOX,
902 362 994 403 age,
1027 361 1106 401 age
1140 360 1251 386 nunc
1284 352 1348 386 tu:
1382 345 1423 385 in
1457 345 1664 399 proelium

192 418 300 459 Vide
323 425 366 459 ut
387 417 628 472 ingrediare
646 417 878 472 auspicato.
913 416 990 458 VI.
1015 414 1266 471 liquidumst
1284 413 1543 468 auspicium:
1570 422 1674 457 tace.

160 485 301 528 TOX.
333 486 506 534 Curato,
538 494 584 527 ut
616 485 808 541 praedati
843 484 988 541 pulcre
1021 484 1074 524 ad
1108 489 1247 523 castra
1279 482 1602 523 convortamini.

193 554 392 596 Concede
431 556 561 604 istuc;
608 568 687 610 ego
727 553 841 594 illam
882 551 1105 595 adducam.
1146 550 1332 593 DORD.
1370 565 1450 606 age
1496 557 1543 591 ut
1587 564 1675 590 rem

1188 620 1231 661 in
1262 626 1452 661 nostram
1483 626 1621 674 putas.

161 690 304 733 TOX.
367 690 564 732 Ehodum
592 690 676 731 huc
708 690 842 746 virgo,
877 690 972 731 vide
1005 689 1062 730 sis
1096 688 1198 745 quid
1230 703 1347 744 agaS.
1409 686 1488 730 VI.
1521 694 1678 737 taceas,

1158 756 1317 799 curabo
1350 765 1394 798 ut
1426 755 1556 797 voles.

161 827 304 870 TOX.
337 828 527 884 Sequere
567 842 652 878 me3
700 827 869 869 adduco
907 826 1036 876 hanc,
1076 826 1110 867 si
1148 826 1252 881 quid
1293 826 1357 866 vis
1389 839 1442 866 ex
1477 825 1555 866 hac
1586 838 1677 879 per-

1341 893 1564 936 contarier.

51 965 123 1008 ubi
158 965 453 1007 Palatinorum
487 980 633 1006 versus
664 964 898 1005 sententiae
932 963 1059 1019 plane
1092 962 1373 1012 satisfaciunt,
1408 962 1451 1003 in
1484 961 1533 1002 iis
1567 975 1680 1011 vero,

51 1034 122 1088 qui
146 1048 198 1074 ex
222 1034 263 1075 A
287 1034 511 1083 accedunt,
534 1033 678 1075 Toxili
700 1033 1033 1081 adhortationes,
1056 1039 1102 1073 ut
1125 1032 1247 1087 virgo
1280 1031 1386 1072 bene
1419 1046 1508 1072 rem
1539 1038 1675 1086 gerat,

50 1102 174 1143 nimis
198 1110 473 1144 coacervatae
505 1102 790 1159 suspicionem
823 1101 1159 1156 interpolationis
1190 1100 1381 1149 iniciunt,
1415 1114 1676 1156 quamquam

51 1177 214 1212 certum
237 1171 325 1212 eius
348 1171 554 1212 indicium
586 1171 767 1212 inveniri
801 1170 965 1211 nullum
998 1184 1120 1225 posse
1153 1168 1364 1218 conced03
1398 1182 1535 1223 neque
1567 1168 1679 1209 enim

51 1239 218 1282 offendo
250 1255 329 1296 ego
362 1240 534 1296 quidem
566 1240 608 1280 in
640 1239 875 1281 elocutione
916 1237 1089 1288 ‚curabo
1120 1245 1166 1278 ut
1197 1236 1382 1287 voles‘,
1425 1237 1477 1278 de
1508 1252 1593 1291 qua
1624 1236 1683 1277 in-

51 1308 115 1349 fra
163 1323 303 1364 agam.
365 1308 439 1349 sed
488 1307 723 1349 secundum
781 1316 965 1348 nostram
1009 1306 1348 1362 disputationem
1394 1305 1474 1346 hoc
1527 1305 1682 1346 rationi

51 1377 270 1426 convenit,
310 1388 356 1418 ut
396 1384 630 1418 statuamus
665 1391 811 1418 versus
861 1376 932 1430 qui
977 1376 1019 1416 in
1063 1376 1151 1417 solo
1182 1375 1226 1417 A
1259 1380 1408 1416 extant
1461 1381 1535 1416 aut
1574 1374 1615 1415 in
1647 1374 1683 1415 P

52 1460 154 1486 casu
193 1445 405 1486 excidisse
452 1453 524 1486 aut
575 1445 628 1486 ad
670 1445 851 1486 eundem
894 1446 1077 1494 fontem,
1121 1444 1234 1485 unde
1274 1443 1345 1484 alii
1379 1443 1502 1484 multi
1535 1457 1681 1484 versus

54 1514 177 1569 petiti
209 1522 319 1564 sunt,
352 1514 571 1569 exemplar
603 1515 697 1556 dico
731 1514 968 1563 histricum,
1001 1512 1246 1554 referendos
1278 1526 1383 1552 esse.

169 1582 235 1623 De
258 1582 438 1638 singulis
461 1581 670 1633 versibus,
689 1598 796 1637 quos
819 1583 952 1624 altera
970 1589 1134 1623 tantum
1157 1580 1350 1622 recensio
1372 1579 1561 1635 praebet,
1579 1578 1685 1620 iudi-

51 1649 165 1690 cium
188 1660 337 1705 suapte
359 1658 512 1691 natura
537 1652 677 1692 minus
700 1651 875 1706 planum
902 1659 984 1704 est3
1012 1664 1196 1705 namque
1220 1649 1293 1690 ubi
1315 1649 1357 1690 in
1384 1648 1519 1690 altera
1542 1662 1682 1690 recen-

52 1717 169 1759 sione
201 1719 441 1775 complures
473 1719 674 1775 deinceps
696 1733 858 1769 versus,
877 1721 950 1773 qui
968 1719 1202 1760 desiderari
1231 1725 1424 1774 possunt,
1453 1725 1613 1766 extare,
1641 1717 1682 1757 in

53 1786 186 1828 altera
225 1787 371 1828 deesse
411 1787 627 1838 videmus,
666 1802 812 1829 casum
853 1787 1037 1829 valuisse
1084 1802 1165 1828 non
1213 1787 1338 1828 facile
1387 1786 1684 1828 concedemus

54 1854 245 1911 singulos
269 1870 369 1897 vero
394 1871 542 1898 versus
564 1857 606 1897 in
629 1863 811 1911 utraque
841 1857 1087 1898 recensione
1119 1856 1282 1897 librarii
1315 1862 1380 1896 sat
1412 1870 1539 1911 saepe
1570 1869 1686 1896 mero

54 1936 196 1964 errore
241 1924 492 1974 omiserunt,
540 1939 625 1965 non
677 1925 812 1966 solum
858 1925 930 1967 ubi
980 1940 1033 1966 ex
1079 1925 1207 1966 simili
1257 1924 1440 1966 duorum
1485 1939 1685 1965 versuum

54 1991 174 2033 initio
213 2000 286 2033 aut
325 1994 443 2033 exitu
483 1993 804 2035 excusationem
846 1994 1005 2035 habent
1045 1994 1408 2050 neglegentiae¹),
1450 1993 1524 2035 sed
1557 1993 1684 2034 etiam

55 2059 128 2101 ubi
160 2075 238 2101 nec
269 2061 371 2117 quid
409 2063 562 2103 erroris
611 2077 758 2103 ansam
792 2062 956 2103 dederit
987 2063 1174 2118 perspici
1206 2070 1344 2119 potest
1375 2077 1452 2104 nec
1485 2063 1536 2104 de
1558 2077 1684 2103 versu

55 2129 98 2169 in
129 2129 264 2170 altera
296 2130 540 2172 recensione
573 2130 625 2171 de
656 2131 867 2172 industria
898 2131 1036 2172 deleto
1076 2132 1266 2187 cogitare
1306 2131 1468 2185 licet.²)
1529 2131 1681 2185 quodsi

56 2198 153 2251 quis
185 2212 255 2238 eos
288 2213 448 2251 versus,
483 2214 588 2253 quos
620 2199 662 2240 in
696 2201 732 2240 A
765 2199 853 2241 solo
886 2208 1075 2241 servatos
1108 2215 1187 2256 ego
1219 2216 1272 2241 ex
1305 2200 1387 2241 alio
1419 2201 1535 2241 fonte
1577 2199 1683 2240 deri-

60 2274 180 2306 vatos
209 2265 365 2315 iudico,
398 2266 440 2307 in
464 2266 500 2307 P
522 2269 662 2322 potius
694 2282 800 2309 casu
832 2268 1010 2309 omissos
1043 2282 1134 2309 esse
1167 2268 1399 2317 contendit,
1432 2282 1528 2309 eum
1560 2281 1683 2322 argu-

57 2334 210 2374 mentis
250 2349 350 2375 sane
383 2335 575 2377 refellere
615 2351 696 2377 non
736 2351 922 2392 possum.
983 2336 1117 2377 nihilo
1157 2337 1286 2378 setius
1328 2335 1382 2378 ob
1424 2336 1685 2391 singularem

58 2415 203 2443 eorum
236 2403 524 2445 condicionem
557 2418 626 2445 eos
660 2404 756 2446 nolo
788 2405 995 2446 omittere.

177 2596 202 2639 ¹)
227 2595 289 2631 Sic
307 2597 344 2631 in
364 2597 398 2632 A
423 2597 616 2642 perierunt
642 2598 720 2633 Mil.
745 2599 832 2644 ylor.
866 2611 897 2635 v.
918 2599 982 2635 851
1009 2602 1073 2634 aut,
1095 2599 1161 2635 852
1180 2599 1241 2643 (cf.
1260 2598 1489 2635 Ribbeckius
1508 2598 1545 2634 in
1570 2596 1625 2633 ed.
1643 2596 1688 2632 ad

61 2663 93 2686 ν.
119 2652 211 2692 846).
239 2655 325 2689 1405
349 2656 454 2698 (1402
470 2655 599 2699 Ribb.)
647 2657 739 2691 Men.
765 2658 842 2700 478,
868 2669 976 2701 quem
994 2669 1076 2691 cum
1096 2657 1263 2691 Vahleno
1287 2669 1354 2702 pro
1373 2657 1533 2702 genuino
1555 2656 1688 2696 habeo;

60 2709 97 2742 in
128 2709 158 2743 P
196 2710 292 2745 Trin.
327 2711 401 2746 409.
440 2712 534 2746 Men.
567 2713 642 2747 279.
673 2714 748 2747 285.
793 2713 901 2748 Most.
933 2714 1010 2748 833.
1044 2715 1122 2748 951.
1150 2715 1216 2749 990
1238 2715 1326 2759 (nisi
1352 2714 1410 2747 hic
1436 2714 1473 2747 in
1500 2714 1534 2746 A
1558 2711 1682 2756 potius

60 2764 305 2810 interpolatus
331 2769 410 2810 est).
448 2769 546 2802 Pers.
571 2769 649 2803 559.
675 2770 751 2805 700.
778 2771 853 2805 730.
892 2771 994 2805 Truc.
1020 2771 1097 2805 384.

176 2846 205 2888 ²)
230 2845 344 2880 Velut
361 2847 399 2881 in
416 2846 450 2881 A
468 2848 596 2882 Pseud.
616 2849 804 2885 293—295.
822 2850 932 2894 Epid.
948 2850 1137 2892 597-599,
1156 2861 1245 2893 quos
1265 2848 1439 2883 Goetzius
1458 2859 1514 2881 me
1539 2847 1688 2891 quidem

61 2902 183 2938 iudice
209 2915 283 2937 non
308 2907 408 2939 recte
434 2906 538 2939 uncis
564 2905 730 2947 inclusit,
766 2906 871 2941 Poen.
897 2907 974 2948 424,
1000 2907 1038 2941 in
1063 2906 1093 2941 P
1120 2907 1248 2941 Pseud.
1274 2907 1351 2940 422.
1377 2906 1453 2940 933.
1491 2905 1585 2938 Men.
1613 2904 1687 2938 165.

61 2959 135 2994 171.
163 2960 236 2995 172.
264 2960 372 2995 Most.
398 2962 474 2996 600.
503 2962 581 2995 Mil.
607 2962 683 2996 402.
711 2962 808 2996 Pers.
835 2963 911 2997 415.
939 2964 1015 2998 598.
1043 2964 1147 2997 Poen.
1174 2963 1249 2997 286.
1270 2963 1344 2997 287.
1373 2962 1480 3007 Epid.
1497 2961 1582 2995 ’682.
