<?xml version="1.0" encoding="UTF-8"?>
<!DOCTYPE html PUBLIC "-//W3C//DTD XHTML 1.0 Transitional//EN"
    "http://www.w3.org/TR/xhtml1/DTD/xhtml1-transitional.dtd">
<html xmlns="http://www.w3.org/1999/xhtml" xml:lang="en" lang="en">
 <head>
  <title>
</title>
<meta http-equiv="Content-Type" content="text/html;charset=utf-8" />
  <meta name='ocr-system' content='tesseract 3.04.00' />
  <meta name='ocr-capabilities' content='ocr_page ocr_carea ocr_par ocr_line ocrx_word'/>
</head>
<body>
  <div class='ocr_page' id='page_1' title='image "./deplautifabularu00baieuoft_0193.png"; bbox 0 0 2020 3278; ppageno 0'>
   <div class='ocr_carea' id='block_1_1' title="bbox 101 154 1735 3016">
    <p class='ocr_par' dir='ltr' id='par_1_1' title="bbox 886 154 964 195">
     <span class='ocr_line' id='line_1_1' title="bbox 886 154 964 195; baseline 0 -1"><span class='ocrx_word' id='word_1_1' title='bbox 886 154 964 195; x_wconf 85' lang='grc'>181</span> 
     </span>
    </p>

    <p class='ocr_par' dir='ltr' id='par_1_2' title="bbox 106 290 1735 1512">
     <span class='ocr_line' id='line_1_2' title="bbox 111 290 1735 347; baseline 0.001 -16"><span class='ocrx_word' id='word_1_2' title='bbox 111 298 372 345; x_wconf 82' lang='lat' dir='ltr'>propagatae</span> <span class='ocrx_word' id='word_1_3' title='bbox 398 299 508 340; x_wconf 90' lang='lat' dir='ltr'>sunt,</span> <span class='ocrx_word' id='word_1_4' title='bbox 534 305 609 345; x_wconf 89' lang='lat' dir='ltr'>per</span> <span class='ocrx_word' id='word_1_5' title='bbox 633 291 727 346; x_wconf 90' lang='lat' dir='ltr'>plus</span> <span class='ocrx_word' id='word_1_6' title='bbox 755 305 829 332; x_wconf 83' lang='lat' dir='ltr'>sex</span> <span class='ocrx_word' id='word_1_7' title='bbox 862 290 1032 333; x_wconf 86' lang='lat' dir='ltr'>saecula</span> <span class='ocrx_word' id='word_1_8' title='bbox 1057 291 1253 332; x_wconf 82' lang='lat' dir='ltr'>licentiae</span> <span class='ocrx_word' id='word_1_9' title='bbox 1285 290 1661 347; x_wconf 85' lang='lat' dir='ltr'>grammaticorum</span> <span class='ocrx_word' id='word_1_10' title='bbox 1694 297 1735 332; x_wconf 92' lang='lat' dir='ltr'>et</span> 
     </span>
     <span class='ocr_line' id='line_1_3' title="bbox 110 357 1733 414; baseline 0.001 -15"><span class='ocrx_word' id='word_1_11' title='bbox 110 358 330 407; x_wconf 89' lang='lat' dir='ltr'>lectorum,</span> <span class='ocrx_word' id='word_1_12' title='bbox 348 357 567 399; x_wconf 74' lang='lat' dir='ltr'>socordiae</span> <span class='ocrx_word' id='word_1_13' title='bbox 580 357 851 399; x_wconf 84' lang='lat' dir='ltr'>librariorum</span> <span class='ocrx_word' id='word_1_14' title='bbox 870 357 1048 399; x_wconf 78' lang='lat' dir='ltr'>traditas</span> <span class='ocrx_word' id='word_1_15' title='bbox 1063 357 1208 408; x_wconf 85' lang='lat' dir='ltr'>fuisse,</span> <span class='ocrx_word' id='word_1_16' title='bbox 1234 371 1359 414; x_wconf 87' lang='lat' dir='ltr'>porro</span> <span class='ocrx_word' id='word_1_17' title='bbox 1377 357 1641 412; x_wconf 81' lang='lat' dir='ltr'>antiquitatis</span> <span class='ocrx_word' id='word_1_18' title='bbox 1660 359 1733 400; x_wconf 88' lang='lat' dir='ltr'>illa</span> 
     </span>
     <span class='ocr_line' id='line_1_4' title="bbox 111 426 1735 481; baseline 0.001 -13"><span class='ocrx_word' id='word_1_19' title='bbox 111 426 353 468; x_wconf 84' lang='lat' dir='ltr'>testimonia</span> <span class='ocrx_word' id='word_1_20' title='bbox 398 426 440 468; x_wconf 90' lang='lat' dir='ltr'>in</span> <span class='ocrx_word' id='word_1_21' title='bbox 482 442 566 468; x_wconf 90' lang='lat' dir='ltr'>uno</span> <span class='ocrx_word' id='word_1_22' title='bbox 605 434 771 467; x_wconf 89' lang='lat' dir='ltr'>tantum</span> <span class='ocrx_word' id='word_1_23' title='bbox 809 426 996 468; x_wconf 86' lang='lat' dir='ltr'>alterove</span> <span class='ocrx_word' id='word_1_24' title='bbox 1035 426 1181 467; x_wconf 88' lang='lat' dir='ltr'>codice</span> <span class='ocrx_word' id='word_1_25' title='bbox 1221 440 1527 481; x_wconf 78' lang='lat' dir='ltr'>saepenumero</span> <span class='ocrx_word' id='word_1_26' title='bbox 1565 434 1735 469; x_wconf 87' lang='lat' dir='ltr'>servata</span> 
     </span>
     <span class='ocr_line' id='line_1_5' title="bbox 109 493 1730 552; baseline 0.001 -16"><span class='ocrx_word' id='word_1_27' title='bbox 109 510 214 544; x_wconf 87' lang='lat' dir='ltr'>esse,</span> <span class='ocrx_word' id='word_1_28' title='bbox 233 494 550 536; x_wconf 85' lang='lat' dir='ltr'>concedendum</span> <span class='ocrx_word' id='word_1_29' title='bbox 570 502 632 536; x_wconf 89' lang='lat' dir='ltr'>est</span> <span class='ocrx_word' id='word_1_30' title='bbox 649 493 701 535; x_wconf 91' lang='lat' dir='ltr'>ab</span> <span class='ocrx_word' id='word_1_31' title='bbox 718 501 891 535; x_wconf 85' lang='lat' dir='ltr'>auctore</span> <span class='ocrx_word' id='word_1_32' title='bbox 910 494 1166 535; x_wconf 80' lang='lat' dir='ltr'>recensionis</span> <span class='ocrx_word' id='word_1_33' title='bbox 1182 493 1404 535; x_wconf 85' lang='lat' dir='ltr'>Palatinae</span> <span class='ocrx_word' id='word_1_34' title='bbox 1424 510 1477 536; x_wconf 85' lang='lat' dir='ltr'>ex</span> <span class='ocrx_word' id='word_1_35' title='bbox 1494 495 1730 552; x_wconf 87' lang='lat' dir='ltr'>archetypo</span> 
     </span>
     <span class='ocr_line' id='line_1_6' title="bbox 111 561 1734 620; baseline 0 -16"><span class='ocrx_word' id='word_1_36' title='bbox 111 563 302 620; x_wconf 86' lang='lat' dir='ltr'>principe</span> <span class='ocrx_word' id='word_1_37' title='bbox 335 571 375 604; x_wconf 86' lang='lat' dir='ltr'>et</span> <span class='ocrx_word' id='word_1_38' title='bbox 398 563 621 604; x_wconf 87' lang='lat' dir='ltr'>semeiosin</span> <span class='ocrx_word' id='word_1_39' title='bbox 655 571 694 604; x_wconf 88' lang='lat' dir='ltr'>et</span> <span class='ocrx_word' id='word_1_40' title='bbox 715 563 876 604; x_wconf 86' lang='lat' dir='ltr'>litteras</span> <span class='ocrx_word' id='word_1_41' title='bbox 910 562 1002 603; x_wconf 88' lang='lat' dir='ltr'>illas</span> <span class='ocrx_word' id='word_1_42' title='bbox 1025 561 1216 604; x_wconf 82' lang='lat' dir='ltr'>Graecas</span> <span class='ocrx_word' id='word_1_43' title='bbox 1240 569 1280 603; x_wconf 94' lang='lat' dir='ltr'>et</span> <span class='ocrx_word' id='word_1_44' title='bbox 1302 561 1521 603; x_wconf 89' lang='lat' dir='ltr'>titulorum</span> <span class='ocrx_word' id='word_1_45' title='bbox 1553 563 1734 605; x_wconf 86' lang='lat' dir='ltr'>formam</span> 
     </span>
     <span class='ocr_line' id='line_1_7' title="bbox 111 629 1734 688; baseline 0 -16"><span class='ocrx_word' id='word_1_46' title='bbox 111 632 358 688; x_wconf 88' lang='lat' dir='ltr'>primariam</span> <span class='ocrx_word' id='word_1_47' title='bbox 392 632 433 672; x_wconf 90' lang='lat' dir='ltr'>in</span> <span class='ocrx_word' id='word_1_48' title='bbox 466 631 705 686; x_wconf 88' lang='lat' dir='ltr'>exemplar,</span> <span class='ocrx_word' id='word_1_49' title='bbox 746 631 859 686; x_wconf 89' lang='lat' dir='ltr'>quod</span> <span class='ocrx_word' id='word_1_50' title='bbox 893 629 1123 680; x_wconf 89' lang='lat' dir='ltr'>condebat,</span> <span class='ocrx_word' id='word_1_51' title='bbox 1156 630 1280 685; x_wconf 88' lang='lat' dir='ltr'>plene</span> <span class='ocrx_word' id='word_1_52' title='bbox 1323 629 1498 671; x_wconf 90' lang='lat' dir='ltr'>tralatas</span> <span class='ocrx_word' id='word_1_53' title='bbox 1536 645 1646 681; x_wconf 84' lang='lat' dir='ltr'>esse3</span> <span class='ocrx_word' id='word_1_54' title='bbox 1692 631 1734 672; x_wconf 91' lang='lat' dir='ltr'>in</span> 
     </span>
     <span class='ocr_line' id='line_1_8' title="bbox 109 697 1733 755; baseline 0.001 -14"><span class='ocrx_word' id='word_1_55' title='bbox 109 716 289 755; x_wconf 88' lang='lat' dir='ltr'>quarum</span> <span class='ocrx_word' id='word_1_56' title='bbox 308 700 496 742; x_wconf 86' lang='lat' dir='ltr'>omnium</span> <span class='ocrx_word' id='word_1_57' title='bbox 514 700 754 755; x_wconf 85' lang='lat' dir='ltr'>integritate</span> <span class='ocrx_word' id='word_1_58' title='bbox 777 699 1070 741; x_wconf 87' lang='lat' dir='ltr'>imminuenda</span> <span class='ocrx_word' id='word_1_59' title='bbox 1092 706 1259 753; x_wconf 86' lang='lat' dir='ltr'>tempus</span> <span class='ocrx_word' id='word_1_60' title='bbox 1277 697 1506 755; x_wconf 87' lang='lat' dir='ltr'>plus-mille</span> <span class='ocrx_word' id='word_1_61' title='bbox 1524 715 1733 742; x_wconf 85' lang='lat' dir='ltr'>annorum</span> 
     </span>
     <span class='ocr_line' id='line_1_9' title="bbox 109 767 1735 823; baseline 0 -13"><span class='ocrx_word' id='word_1_62' title='bbox 109 784 192 810; x_wconf 91' lang='lat' dir='ltr'>non</span> <span class='ocrx_word' id='word_1_63' title='bbox 235 778 397 811; x_wconf 89' lang='lat' dir='ltr'>tantum</span> <span class='ocrx_word' id='word_1_64' title='bbox 435 769 602 810; x_wconf 84' lang='lat' dir='ltr'>efficere</span> <span class='ocrx_word' id='word_1_65' title='bbox 642 769 795 823; x_wconf 90' lang='lat' dir='ltr'>potuit,</span> <span class='ocrx_word' id='word_1_66' title='bbox 845 776 1052 823; x_wconf 85' lang='lat' dir='ltr'>quantum</span> <span class='ocrx_word' id='word_1_67' title='bbox 1090 769 1132 809; x_wconf 94' lang='lat' dir='ltr'>in</span> <span class='ocrx_word' id='word_1_68' title='bbox 1171 767 1450 809; x_wconf 86' lang='lat' dir='ltr'>Ambrosiani</span> <span class='ocrx_word' id='word_1_69' title='bbox 1490 768 1735 810; x_wconf 81' lang='lat' dir='ltr'>recensione</span> 
     </span>
     <span class='ocr_line' id='line_1_10' title="bbox 108 836 1734 880; baseline -0.001 0"><span class='ocrx_word' id='word_1_70' title='bbox 108 839 232 880; x_wconf 91' lang='lat' dir='ltr'>unius</span> <span class='ocrx_word' id='word_1_71' title='bbox 264 838 447 879; x_wconf 87' lang='lat' dir='ltr'>hominis</span> <span class='ocrx_word' id='word_1_72' title='bbox 479 837 760 879; x_wconf 88' lang='lat' dir='ltr'>deliberatum</span> <span class='ocrx_word' id='word_1_73' title='bbox 793 837 1029 879; x_wconf 86' lang='lat' dir='ltr'>consilium.</span> <span class='ocrx_word' id='word_1_74' title='bbox 1089 837 1132 877; x_wconf 91' lang='lat' dir='ltr'>in</span> <span class='ocrx_word' id='word_1_75' title='bbox 1171 850 1424 877; x_wconf 85' lang='lat' dir='ltr'>scaenarum</span> <span class='ocrx_word' id='word_1_76' title='bbox 1463 836 1734 879; x_wconf 89' lang='lat' dir='ltr'>distinctione</span> 
     </span>
     <span class='ocr_line' id='line_1_11' title="bbox 108 906 1732 962; baseline -0.001 -14"><span class='ocrx_word' id='word_1_77' title='bbox 108 922 246 962; x_wconf 84' lang='lat' dir='ltr'>pauca</span> <span class='ocrx_word' id='word_1_78' title='bbox 283 907 556 948; x_wconf 87' lang='lat' dir='ltr'>correctionis</span> <span class='ocrx_word' id='word_1_79' title='bbox 593 906 732 947; x_wconf 87' lang='lat' dir='ltr'>factae</span> <span class='ocrx_word' id='word_1_80' title='bbox 774 906 953 960; x_wconf 85' lang='lat' dir='ltr'>vestigia</span> <span class='ocrx_word' id='word_1_81' title='bbox 994 906 1035 946; x_wconf 91' lang='lat' dir='ltr'>in</span> <span class='ocrx_word' id='word_1_82' title='bbox 1067 906 1104 947; x_wconf 89' lang='lat' dir='ltr'><strong>P</strong></span> <span class='ocrx_word' id='word_1_83' title='bbox 1135 912 1344 960; x_wconf 87' lang='lat' dir='ltr'>apparent</span> <span class='ocrx_word' id='word_1_84' title='bbox 1392 919 1527 960; x_wconf 86' lang='lat' dir='ltr'>paene</span> <span class='ocrx_word' id='word_1_85' title='bbox 1559 920 1732 947; x_wconf 90' lang='lat' dir='ltr'>evanes-</span> 
     </span>
     <span class='ocr_line' id='line_1_12' title="bbox 108 973 1733 1031; baseline -0.001 -15"><span class='ocrx_word' id='word_1_86' title='bbox 108 975 248 1016; x_wconf 88' lang='lat' dir='ltr'>centia</span> <span class='ocrx_word' id='word_1_87' title='bbox 296 990 398 1030; x_wconf 89' lang='lat' dir='ltr'>prae</span> <span class='ocrx_word' id='word_1_88' title='bbox 443 975 514 1025; x_wconf 89' lang='lat' dir='ltr'>iis,</span> <span class='ocrx_word' id='word_1_89' title='bbox 569 989 678 1031; x_wconf 87' lang='lat' dir='ltr'>quae</span> <span class='ocrx_word' id='word_1_90' title='bbox 723 973 1003 1015; x_wconf 89' lang='lat' dir='ltr'>Ambrosiani</span> <span class='ocrx_word' id='word_1_91' title='bbox 1049 981 1262 1016; x_wconf 89' lang='lat' dir='ltr'>corrector</span> <span class='ocrx_word' id='word_1_92' title='bbox 1306 973 1535 1015; x_wconf 86' lang='lat' dir='ltr'>fortissime</span> <span class='ocrx_word' id='word_1_93' title='bbox 1582 974 1733 1029; x_wconf 83' lang='lat' dir='ltr'>posuit.</span> 
     </span>
     <span class='ocr_line' id='line_1_13' title="bbox 108 1042 1731 1100; baseline -0.001 -16"><span class='ocrx_word' id='word_1_94' title='bbox 108 1042 412 1100; x_wconf 80' lang='lat' dir='ltr'>quaerentibus</span> <span class='ocrx_word' id='word_1_95' title='bbox 444 1043 496 1085; x_wconf 87' lang='lat' dir='ltr'>de</span> <span class='ocrx_word' id='word_1_96' title='bbox 529 1043 609 1084; x_wconf 87' lang='lat' dir='ltr'>hac</span> <span class='ocrx_word' id='word_1_97' title='bbox 641 1057 685 1084; x_wconf 89' lang='lat' dir='ltr'>re</span> <span class='ocrx_word' id='word_1_98' title='bbox 709 1043 827 1084; x_wconf 89' lang='lat' dir='ltr'>nobis</span> <span class='ocrx_word' id='word_1_99' title='bbox 860 1043 1088 1084; x_wconf 89' lang='lat' dir='ltr'>ostendunt</span> <span class='ocrx_word' id='word_1_100' title='bbox 1120 1057 1222 1084; x_wconf 86' lang='lat' dir='ltr'>sane</span> <span class='ocrx_word' id='word_1_101' title='bbox 1245 1042 1575 1084; x_wconf 87' lang='lat' dir='ltr'>inconstantiam</span> <span class='ocrx_word' id='word_1_102' title='bbox 1598 1043 1731 1084; x_wconf 80' lang='lat' dir='ltr'>maxi-</span> 
     </span>
     <span class='ocr_line' id='line_1_14' title="bbox 109 1110 1735 1168; baseline 0.001 -16"><span class='ocrx_word' id='word_1_103' title='bbox 109 1125 242 1164; x_wconf 83' lang='lat' dir='ltr'>mam,</span> <span class='ocrx_word' id='word_1_104' title='bbox 274 1111 349 1152; x_wconf 88' lang='lat' dir='ltr'>sed</span> <span class='ocrx_word' id='word_1_105' title='bbox 382 1126 475 1152; x_wconf 87' lang='lat' dir='ltr'>eam</span> <span class='ocrx_word' id='word_1_106' title='bbox 515 1110 741 1166; x_wconf 86' lang='lat' dir='ltr'>philologis</span> <span class='ocrx_word' id='word_1_107' title='bbox 784 1110 955 1167; x_wconf 91' lang='lat' dir='ltr'>quidem</span> <span class='ocrx_word' id='word_1_108' title='bbox 996 1125 1098 1166; x_wconf 89' lang='lat' dir='ltr'>prae</span> <span class='ocrx_word' id='word_1_109' title='bbox 1137 1111 1409 1153; x_wconf 90' lang='lat' dir='ltr'>Ambrosiani</span> <span class='ocrx_word' id='word_1_110' title='bbox 1451 1112 1662 1168; x_wconf 85' lang='lat' dir='ltr'>elegantia</span> <span class='ocrx_word' id='word_1_111' title='bbox 1694 1118 1735 1153; x_wconf 90' lang='lat' dir='ltr'>et</span> 
     </span>
     <span class='ocr_line' id='line_1_15' title="bbox 106 1179 1730 1237; baseline 0.001 -16"><span class='ocrx_word' id='word_1_112' title='bbox 106 1179 346 1221; x_wconf 85' lang='lat' dir='ltr'>constantia</span> <span class='ocrx_word' id='word_1_113' title='bbox 378 1179 502 1235; x_wconf 89' lang='lat' dir='ltr'>longe</span> <span class='ocrx_word' id='word_1_114' title='bbox 535 1179 875 1234; x_wconf 85' lang='lat' dir='ltr'>praeferendam.</span> <span class='ocrx_word' id='word_1_115' title='bbox 937 1180 1210 1221; x_wconf 87' lang='lat' dir='ltr'>correctionis</span> <span class='ocrx_word' id='word_1_116' title='bbox 1250 1195 1350 1222; x_wconf 91' lang='lat' dir='ltr'>vero</span> <span class='ocrx_word' id='word_1_117' title='bbox 1389 1180 1605 1230; x_wconf 85' lang='lat' dir='ltr'>metricae,</span> <span class='ocrx_word' id='word_1_118' title='bbox 1646 1195 1730 1237; x_wconf 90' lang='lat' dir='ltr'>quo</span> 
     </span>
     <span class='ocr_line' id='line_1_16' title="bbox 107 1247 1733 1303; baseline 0.001 -15"><span class='ocrx_word' id='word_1_119' title='bbox 107 1248 150 1289; x_wconf 91' lang='lat' dir='ltr'>in</span> <span class='ocrx_word' id='word_1_120' title='bbox 182 1262 338 1303; x_wconf 85' lang='lat' dir='ltr'>genere</span> <span class='ocrx_word' id='word_1_121' title='bbox 376 1247 431 1288; x_wconf 85' lang='lat' dir='ltr'>ad</span> <span class='ocrx_word' id='word_1_122' title='bbox 463 1263 675 1289; x_wconf 90' lang='lat' dir='ltr'>summum</span> <span class='ocrx_word' id='word_1_123' title='bbox 714 1247 911 1289; x_wconf 87' lang='lat' dir='ltr'>licentiae</span> <span class='ocrx_word' id='word_1_124' title='bbox 957 1248 1177 1303; x_wconf 86' lang='lat' dir='ltr'>fastigium</span> <span class='ocrx_word' id='word_1_125' title='bbox 1217 1248 1407 1290; x_wconf 87' lang='lat' dir='ltr'>escendit</span> <span class='ocrx_word' id='word_1_126' title='bbox 1450 1256 1600 1290; x_wconf 91' lang='lat' dir='ltr'>auctor</span> <span class='ocrx_word' id='word_1_127' title='bbox 1631 1249 1733 1290; x_wconf 89' lang='lat' dir='ltr'>Am-</span> 
     </span>
     <span class='ocr_line' id='line_1_17' title="bbox 107 1315 1731 1372; baseline 0 -14"><span class='ocrx_word' id='word_1_128' title='bbox 107 1316 332 1358; x_wconf 88' lang='lat' dir='ltr'>brosianae</span> <span class='ocrx_word' id='word_1_129' title='bbox 365 1316 633 1368; x_wconf 84' lang='lat' dir='ltr'>recensionis,</span> <span class='ocrx_word' id='word_1_130' title='bbox 667 1315 709 1356; x_wconf 90' lang='lat' dir='ltr'>in</span> <span class='ocrx_word' id='word_1_131' title='bbox 742 1315 792 1356; x_wconf 89' lang='lat' dir='ltr'>iis</span> <span class='ocrx_word' id='word_1_132' title='bbox 825 1316 974 1357; x_wconf 87' lang='lat' dir='ltr'>saltem</span> <span class='ocrx_word' id='word_1_133' title='bbox 1006 1316 1214 1371; x_wconf 91' lang='lat' dir='ltr'>partibus,</span> <span class='ocrx_word' id='word_1_134' title='bbox 1247 1332 1357 1372; x_wconf 86' lang='lat' dir='ltr'>quae</span> <span class='ocrx_word' id='word_1_135' title='bbox 1389 1318 1431 1358; x_wconf 92' lang='lat' dir='ltr'>in</span> <span class='ocrx_word' id='word_1_136' title='bbox 1472 1318 1515 1359; x_wconf 92' lang='lat' dir='ltr'>A</span> <span class='ocrx_word' id='word_1_137' title='bbox 1549 1325 1731 1359; x_wconf 87' lang='lat' dir='ltr'>aetatem</span> 
     </span>
     <span class='ocr_line' id='line_1_18' title="bbox 108 1383 1734 1442; baseline 0.001 -15"><span class='ocrx_word' id='word_1_138' title='bbox 108 1385 296 1427; x_wconf 90' lang='lat' dir='ltr'>tulerunt</span> <span class='ocrx_word' id='word_1_139' title='bbox 330 1411 376 1415; x_wconf 81' lang='lat'>-</span> <span class='ocrx_word' id='word_1_140' title='bbox 414 1384 465 1425; x_wconf 91' lang='lat' dir='ltr'>de</span> <span class='ocrx_word' id='word_1_141' title='bbox 488 1383 661 1438; x_wconf 85' lang='lat' dir='ltr'>reliquis</span> <span class='ocrx_word' id='word_1_142' title='bbox 684 1398 759 1424; x_wconf 89' lang='lat' dir='ltr'>cur</span> <span class='ocrx_word' id='word_1_143' title='bbox 781 1383 884 1425; x_wconf 85' lang='lat' dir='ltr'>mihi</span> <span class='ocrx_word' id='word_1_144' title='bbox 916 1385 1131 1440; x_wconf 88' lang='lat' dir='ltr'>agendum</span> <span class='ocrx_word' id='word_1_145' title='bbox 1163 1401 1244 1427; x_wconf 92' lang='lat' dir='ltr'>non</span> <span class='ocrx_word' id='word_1_146' title='bbox 1269 1387 1410 1436; x_wconf 89' lang='lat' dir='ltr'>fuerit,</span> <span class='ocrx_word' id='word_1_147' title='bbox 1443 1393 1639 1442; x_wconf 89' lang='lat' dir='ltr'>apertum</span> <span class='ocrx_word' id='word_1_148' title='bbox 1671 1393 1734 1427; x_wconf 90' lang='lat' dir='ltr'>est</span> 
     </span>
     <span class='ocr_line' id='line_1_19' title="bbox 106 1452 1513 1512; baseline 0.003 -18"><span class='ocrx_word' id='word_1_149' title='bbox 106 1481 161 1485; x_wconf 88' lang='lat'>—</span> <span class='ocrx_word' id='word_1_150' title='bbox 191 1468 327 1509; x_wconf 86' lang='lat' dir='ltr'>paene</span> <span class='ocrx_word' id='word_1_151' title='bbox 360 1453 522 1495; x_wconf 89' lang='lat' dir='ltr'>nullum</span> <span class='ocrx_word' id='word_1_152' title='bbox 557 1468 636 1509; x_wconf 87' lang='lat' dir='ltr'>ego</span> <span class='ocrx_word' id='word_1_153' title='bbox 668 1452 841 1507; x_wconf 86' lang='lat' dir='ltr'>quidem</span> <span class='ocrx_word' id='word_1_154' title='bbox 875 1455 1119 1510; x_wconf 85' lang='lat' dir='ltr'>exemplum</span> <span class='ocrx_word' id='word_1_155' title='bbox 1151 1456 1349 1512; x_wconf 87' lang='lat' dir='ltr'>detegere</span> <span class='ocrx_word' id='word_1_156' title='bbox 1384 1456 1513 1512; x_wconf 87' lang='lat' dir='ltr'>potui.</span> 
     </span>
    </p>

    <p class='ocr_par' dir='ltr' id='par_1_3' title="bbox 101 1522 1732 3016">
     <span class='ocr_line' id='line_1_20' title="bbox 220 1522 1732 1579; baseline 0.001 -15"><span class='ocrx_word' id='word_1_157' title='bbox 220 1522 345 1577; x_wconf 78' lang='lat' dir='ltr'>Quod</span> <span class='ocrx_word' id='word_1_158' title='bbox 367 1522 466 1563; x_wconf 88' lang='lat' dir='ltr'>inde</span> <span class='ocrx_word' id='word_1_159' title='bbox 492 1522 783 1578; x_wconf 86' lang='lat' dir='ltr'>colligendum</span> <span class='ocrx_word' id='word_1_160' title='bbox 815 1537 906 1564; x_wconf 92' lang='lat' dir='ltr'>esse</span> <span class='ocrx_word' id='word_1_161' title='bbox 929 1523 1014 1564; x_wconf 93' lang='lat' dir='ltr'>iam</span> <span class='ocrx_word' id='word_1_162' title='bbox 1036 1539 1167 1579; x_wconf 89' lang='lat' dir='ltr'>supra</span> <span class='ocrx_word' id='word_1_163' title='bbox 1198 1539 1290 1566; x_wconf 92' lang='lat' dir='ltr'>meo</span> <span class='ocrx_word' id='word_1_164' title='bbox 1314 1524 1404 1566; x_wconf 89' lang='lat' dir='ltr'>iure</span> <span class='ocrx_word' id='word_1_165' title='bbox 1427 1524 1530 1573; x_wconf 86' lang='lat' dir='ltr'>dixi,</span> <span class='ocrx_word' id='word_1_166' title='bbox 1563 1523 1732 1565; x_wconf 88' lang='lat' dir='ltr'>codices</span> 
     </span>
     <span class='ocr_line' id='line_1_21' title="bbox 104 1590 1732 1648; baseline 0.001 -16"><span class='ocrx_word' id='word_1_167' title='bbox 104 1591 326 1632; x_wconf 89' lang='lat' dir='ltr'>Palatinos</span> <span class='ocrx_word' id='word_1_168' title='bbox 366 1605 418 1632; x_wconf 87' lang='lat' dir='ltr'>ex</span> <span class='ocrx_word' id='word_1_169' title='bbox 458 1590 687 1645; x_wconf 81' lang='lat' dir='ltr'>integriore</span> <span class='ocrx_word' id='word_1_170' title='bbox 734 1605 862 1646; x_wconf 88' lang='lat' dir='ltr'>quam</span> <span class='ocrx_word' id='word_1_171' title='bbox 900 1590 1239 1634; x_wconf 88' lang='lat' dir='ltr'>Ambrosianum</span> <span class='ocrx_word' id='word_1_172' title='bbox 1277 1593 1534 1648; x_wconf 88' lang='lat' dir='ltr'>archetyp0‚</span> <span class='ocrx_word' id='word_1_173' title='bbox 1574 1591 1732 1648; x_wconf 86' lang='lat' dir='ltr'>quippe</span> 
     </span>
     <span class='ocr_line' id='line_1_22' title="bbox 105 1658 1732 1716; baseline 0 -15"><span class='ocrx_word' id='word_1_174' title='bbox 105 1660 178 1716; x_wconf 92' lang='lat' dir='ltr'>qui</span> <span class='ocrx_word' id='word_1_175' title='bbox 217 1660 331 1701; x_wconf 89' lang='lat' dir='ltr'>solus</span> <span class='ocrx_word' id='word_1_176' title='bbox 371 1659 639 1713; x_wconf 85' lang='lat' dir='ltr'>antiquitatis</span> <span class='ocrx_word' id='word_1_177' title='bbox 679 1658 936 1701; x_wconf 87' lang='lat' dir='ltr'>documenta</span> <span class='ocrx_word' id='word_1_178' title='bbox 978 1659 1176 1715; x_wconf 86' lang='lat' dir='ltr'>religiose</span> <span class='ocrx_word' id='word_1_179' title='bbox 1212 1661 1470 1711; x_wconf 89' lang='lat' dir='ltr'>servaverit,</span> <span class='ocrx_word' id='word_1_180' title='bbox 1520 1660 1732 1701; x_wconf 86' lang='lat' dir='ltr'>derivatos</span> 
     </span>
     <span class='ocr_line' id='line_1_23' title="bbox 105 1726 1730 1785; baseline 0.001 -16"><span class='ocrx_word' id='word_1_181' title='bbox 105 1742 217 1777; x_wconf 87' lang='lat' dir='ltr'>esse,</span> <span class='ocrx_word' id='word_1_182' title='bbox 265 1742 347 1769; x_wconf 92' lang='lat' dir='ltr'>non</span> <span class='ocrx_word' id='word_1_183' title='bbox 389 1727 527 1768; x_wconf 86' lang='lat' dir='ltr'>minus</span> <span class='ocrx_word' id='word_1_184' title='bbox 566 1726 786 1767; x_wconf 89' lang='lat' dir='ltr'>evidenter</span> <span class='ocrx_word' id='word_1_185' title='bbox 825 1726 1125 1782; x_wconf 89' lang='lat' dir='ltr'>comprobasse</span> <span class='ocrx_word' id='word_1_186' title='bbox 1165 1728 1268 1769; x_wconf 85' lang='lat' dir='ltr'>mihi</span> <span class='ocrx_word' id='word_1_187' title='bbox 1309 1729 1458 1770; x_wconf 89' lang='lat' dir='ltr'>videor</span> <span class='ocrx_word' id='word_1_188' title='bbox 1497 1743 1546 1770; x_wconf 92' lang='lat' dir='ltr'>eo</span> <span class='ocrx_word' id='word_1_189' title='bbox 1578 1728 1730 1785; x_wconf 89' lang='lat' dir='ltr'>capite,</span> 
     </span>
     <span class='ocr_line' id='line_1_24' title="bbox 105 1794 1730 1853; baseline 0.001 -15"><span class='ocrx_word' id='word_1_190' title='bbox 105 1795 221 1851; x_wconf 88' lang='lat' dir='ltr'>quod</span> <span class='ocrx_word' id='word_1_191' title='bbox 254 1803 317 1837; x_wconf 88' lang='lat' dir='ltr'>est</span> <span class='ocrx_word' id='word_1_192' title='bbox 348 1795 400 1837; x_wconf 88' lang='lat' dir='ltr'>de</span> <span class='ocrx_word' id='word_1_193' title='bbox 422 1794 668 1836; x_wconf 85' lang='lat' dir='ltr'>recensione</span> <span class='ocrx_word' id='word_1_194' title='bbox 691 1796 986 1849; x_wconf 83' lang='lat' dir='ltr'>grammatica.</span> <span class='ocrx_word' id='word_1_195' title='bbox 1030 1811 1129 1837; x_wconf 89' lang='lat' dir='ltr'>nam</span> <span class='ocrx_word' id='word_1_196' title='bbox 1160 1798 1409 1853; x_wconf 86' lang='lat' dir='ltr'>graviorum</span> <span class='ocrx_word' id='word_1_197' title='bbox 1431 1798 1730 1847; x_wconf 83' lang='lat' dir='ltr'>mutationum,</span> 
     </span>
     <span class='ocr_line' id='line_1_25' title="bbox 104 1864 1730 1922; baseline 0.001 -16"><span class='ocrx_word' id='word_1_198' title='bbox 104 1879 214 1919; x_wconf 86' lang='lat' dir='ltr'>quae</span> <span class='ocrx_word' id='word_1_199' title='bbox 261 1875 372 1905; x_wconf 89' lang='lat' dir='ltr'>certe</span> <span class='ocrx_word' id='word_1_200' title='bbox 410 1864 464 1904; x_wconf 87' lang='lat' dir='ltr'>ad</span> <span class='ocrx_word' id='word_1_201' title='bbox 510 1864 625 1919; x_wconf 88' lang='lat' dir='ltr'>ipsos</span> <span class='ocrx_word' id='word_1_202' title='bbox 664 1869 859 1905; x_wconf 89' lang='lat' dir='ltr'>auctores</span> <span class='ocrx_word' id='word_1_203' title='bbox 903 1864 1215 1916; x_wconf 88' lang='lat' dir='ltr'>recensionum‚</span> <span class='ocrx_word' id='word_1_204' title='bbox 1263 1882 1347 1907; x_wconf 91' lang='lat' dir='ltr'>non</span> <span class='ocrx_word' id='word_1_205' title='bbox 1388 1866 1444 1908; x_wconf 88' lang='lat' dir='ltr'>ad</span> <span class='ocrx_word' id='word_1_206' title='bbox 1487 1866 1730 1922; x_wconf 88' lang='lat' dir='ltr'>posterioris</span> 
     </span>
     <span class='ocr_line' id='line_1_26' title="bbox 103 1932 1728 1991; baseline 0.001 -16"><span class='ocrx_word' id='word_1_207' title='bbox 103 1933 257 1975; x_wconf 85' lang='lat' dir='ltr'>aetatis</span> <span class='ocrx_word' id='word_1_208' title='bbox 277 1932 582 1989; x_wconf 87' lang='lat' dir='ltr'>grammaticos</span> <span class='ocrx_word' id='word_1_209' title='bbox 608 1933 799 1982; x_wconf 85' lang='lat' dir='ltr'>redeunt,</span> <span class='ocrx_word' id='word_1_210' title='bbox 832 1947 1033 1975; x_wconf 88' lang='lat' dir='ltr'>numerus</span> <span class='ocrx_word' id='word_1_211' title='bbox 1067 1934 1107 1974; x_wconf 92' lang='lat' dir='ltr'>in</span> <span class='ocrx_word' id='word_1_212' title='bbox 1130 1933 1174 1976; x_wconf 89' lang='lat' dir='ltr'><strong>A</strong></span> <span class='ocrx_word' id='word_1_213' title='bbox 1203 1935 1338 1976; x_wconf 90' lang='lat' dir='ltr'>multo</span> <span class='ocrx_word' id='word_1_214' title='bbox 1369 1935 1631 1991; x_wconf 88' lang='lat' dir='ltr'>frequentior</span> <span class='ocrx_word' id='word_1_215' title='bbox 1654 1943 1728 1983; x_wconf 87' lang='lat' dir='ltr'>est,</span> 
     </span>
     <span class='ocr_line' id='line_1_27' title="bbox 104 2001 1730 2060; baseline 0.001 -16"><span class='ocrx_word' id='word_1_216' title='bbox 104 2017 231 2059; x_wconf 90' lang='lat' dir='ltr'>quam</span> <span class='ocrx_word' id='word_1_217' title='bbox 263 2002 307 2042; x_wconf 93' lang='lat' dir='ltr'>in</span> <span class='ocrx_word' id='word_1_218' title='bbox 338 2001 398 2056; x_wconf 80' lang='lat' dir='ltr'>P3</span> <span class='ocrx_word' id='word_1_219' title='bbox 431 2016 577 2042; x_wconf 85' lang='lat' dir='ltr'>earum</span> <span class='ocrx_word' id='word_1_220' title='bbox 610 2009 769 2052; x_wconf 87' lang='lat' dir='ltr'>autem,</span> <span class='ocrx_word' id='word_1_221' title='bbox 810 2001 965 2058; x_wconf 87' lang='lat' dir='ltr'>quibus</span> <span class='ocrx_word' id='word_1_222' title='bbox 996 2002 1180 2044; x_wconf 87' lang='lat' dir='ltr'>rationes</span> <span class='ocrx_word' id='word_1_223' title='bbox 1213 2003 1383 2059; x_wconf 89' lang='lat' dir='ltr'>proprie</span> <span class='ocrx_word' id='word_1_224' title='bbox 1422 2003 1730 2060; x_wconf 86' lang='lat' dir='ltr'>grammaticae</span> 
     </span>
     <span class='ocr_line' id='line_1_28' title="bbox 104 2070 1729 2125; baseline 0.001 -13"><span class='ocrx_word' id='word_1_225' title='bbox 104 2086 251 2112; x_wconf 88' lang='lat' dir='ltr'>ansam</span> <span class='ocrx_word' id='word_1_226' title='bbox 283 2070 478 2112; x_wconf 87' lang='lat' dir='ltr'>mutandi</span> <span class='ocrx_word' id='word_1_227' title='bbox 510 2085 593 2111; x_wconf 89' lang='lat' dir='ltr'>non</span> <span class='ocrx_word' id='word_1_228' title='bbox 626 2071 762 2112; x_wconf 91' lang='lat' dir='ltr'>solum</span> <span class='ocrx_word' id='word_1_229' title='bbox 795 2070 1041 2112; x_wconf 87' lang='lat' dir='ltr'>auctoribus</span> <span class='ocrx_word' id='word_1_230' title='bbox 1073 2072 1389 2125; x_wconf 89' lang='lat' dir='ltr'>recensionum,</span> <span class='ocrx_word' id='word_1_231' title='bbox 1424 2087 1571 2114; x_wconf 89' lang='lat' dir='ltr'>verum</span> <span class='ocrx_word' id='word_1_232' title='bbox 1601 2072 1729 2114; x_wconf 88' lang='lat' dir='ltr'>etiam</span> 
     </span>
     <span class='ocr_line' id='line_1_29' title="bbox 103 2137 1730 2196; baseline 0.001 -16"><span class='ocrx_word' id='word_1_233' title='bbox 103 2138 361 2195; x_wconf 86' lang='lat' dir='ltr'>magistellis</span> <span class='ocrx_word' id='word_1_234' title='bbox 395 2137 665 2193; x_wconf 85' lang='lat' dir='ltr'>librariisque</span> <span class='ocrx_word' id='word_1_235' title='bbox 698 2137 798 2179; x_wconf 86' lang='lat' dir='ltr'>dare</span> <span class='ocrx_word' id='word_1_236' title='bbox 831 2146 1078 2193; x_wconf 87' lang='lat' dir='ltr'>potuerunt,</span> <span class='ocrx_word' id='word_1_237' title='bbox 1112 2139 1145 2179; x_wconf 90' lang='lat' dir='ltr'>si</span> <span class='ocrx_word' id='word_1_238' title='bbox 1178 2139 1220 2180; x_wconf 95' lang='lat' dir='ltr'>in</span> <span class='ocrx_word' id='word_1_239' title='bbox 1252 2139 1290 2181; x_wconf 89' lang='lat' dir='ltr'>P</span> <span class='ocrx_word' id='word_1_240' title='bbox 1319 2140 1464 2195; x_wconf 87' lang='lat' dir='ltr'>paullo</span> <span class='ocrx_word' id='word_1_241' title='bbox 1495 2140 1639 2196; x_wconf 91' lang='lat' dir='ltr'>plures</span> <span class='ocrx_word' id='word_1_242' title='bbox 1673 2141 1730 2181; x_wconf 90' lang='lat' dir='ltr'>in-</span> 
     </span>
     <span class='ocr_line' id='line_1_30' title="bbox 102 2206 1727 2258; baseline 0.001 -10"><span class='ocrx_word' id='word_1_243' title='bbox 102 2208 345 2256; x_wconf 90' lang='lat' dir='ltr'>veniuntur,</span> <span class='ocrx_word' id='word_1_244' title='bbox 378 2206 432 2246; x_wconf 86' lang='lat' dir='ltr'>ad</span> <span class='ocrx_word' id='word_1_245' title='bbox 463 2206 757 2248; x_wconf 88' lang='lat' dir='ltr'>recensionum</span> <span class='ocrx_word' id='word_1_246' title='bbox 782 2206 1013 2248; x_wconf 89' lang='lat' dir='ltr'>bonitatem</span> <span class='ocrx_word' id='word_1_247' title='bbox 1045 2222 1150 2249; x_wconf 90' lang='lat' dir='ltr'>cave</span> <span class='ocrx_word' id='word_1_248' title='bbox 1184 2208 1362 2250; x_wconf 89' lang='lat' dir='ltr'>multum</span> <span class='ocrx_word' id='word_1_249' title='bbox 1388 2209 1531 2251; x_wconf 84' lang='lat' dir='ltr'>valere</span> <span class='ocrx_word' id='word_1_250' title='bbox 1563 2208 1727 2258; x_wconf 88' lang='lat' dir='ltr'>credas,</span> 
     </span>
     <span class='ocr_line' id='line_1_31' title="bbox 106 2272 1729 2331; baseline 0.001 -16"><span class='ocrx_word' id='word_1_251' title='bbox 106 2288 203 2315; x_wconf 88' lang='lat' dir='ltr'>cum</span> <span class='ocrx_word' id='word_1_252' title='bbox 243 2275 351 2315; x_wconf 87' lang='lat' dir='ltr'>inter</span> <span class='ocrx_word' id='word_1_253' title='bbox 398 2272 615 2315; x_wconf 87' lang='lat' dir='ltr'>saeculum</span> <span class='ocrx_word' id='word_1_254' title='bbox 649 2272 689 2315; x_wconf 92' lang='lat' dir='ltr'>V</span> <span class='ocrx_word' id='word_1_255' title='bbox 722 2281 763 2315; x_wconf 90' lang='lat' dir='ltr'>et.</span> <span class='ocrx_word' id='word_1_256' title='bbox 793 2273 867 2314; x_wconf 92' lang='lat' dir='ltr'>XI</span> <span class='ocrx_word' id='word_1_257' title='bbox 908 2283 1072 2331; x_wconf 88' lang='lat' dir='ltr'>partem</span> <span class='ocrx_word' id='word_1_258' title='bbox 1113 2282 1227 2317; x_wconf 87' lang='lat' dir='ltr'>certe</span> <span class='ocrx_word' id='word_1_259' title='bbox 1265 2291 1412 2318; x_wconf 90' lang='lat' dir='ltr'>earum</span> <span class='ocrx_word' id='word_1_260' title='bbox 1458 2284 1604 2318; x_wconf 89' lang='lat' dir='ltr'>natam</span> <span class='ocrx_word' id='word_1_261' title='bbox 1637 2290 1729 2317; x_wconf 91' lang='lat' dir='ltr'>esse</span> 
     </span>
     <span class='ocr_line' id='line_1_32' title="bbox 103 2341 1729 2402; baseline 0.002 -20"><span class='ocrx_word' id='word_1_262' title='bbox 103 2350 436 2384; x_wconf 85' lang='lat' dir='ltr'>consentaneum</span> <span class='ocrx_word' id='word_1_263' title='bbox 477 2341 543 2384; x_wconf 83' lang='lat' dir='ltr'>sit.</span> <span class='ocrx_word' id='word_1_264' title='bbox 594 2341 721 2397; x_wconf 85' lang='lat' dir='ltr'>longe</span> <span class='ocrx_word' id='word_1_265' title='bbox 762 2350 903 2384; x_wconf 90' lang='lat' dir='ltr'>autem</span> <span class='ocrx_word' id='word_1_266' title='bbox 940 2344 1117 2399; x_wconf 88' lang='lat' dir='ltr'>gravius</span> <span class='ocrx_word' id='word_1_267' title='bbox 1162 2352 1237 2399; x_wconf 86' lang='lat' dir='ltr'>est,</span> <span class='ocrx_word' id='word_1_268' title='bbox 1287 2345 1401 2402; x_wconf 87' lang='lat' dir='ltr'>quod</span> <span class='ocrx_word' id='word_1_269' title='bbox 1441 2344 1729 2400; x_wconf 87' lang='lat' dir='ltr'>disputatione</span> 
     </span>
     <span class='ocr_line' id='line_1_33' title="bbox 102 2410 1727 2470; baseline 0.003 -19"><span class='ocrx_word' id='word_1_270' title='bbox 102 2410 154 2452; x_wconf 84' lang='lat' dir='ltr'>(le</span> <span class='ocrx_word' id='word_1_271' title='bbox 176 2411 303 2466; x_wconf 73' lang='lat' dir='ltr'>Epid.</span> <span class='ocrx_word' id='word_1_272' title='bbox 330 2410 425 2451; x_wconf 77' lang='grc'><strong>620.</strong></span> <span class='ocrx_word' id='word_1_273' title='bbox 458 2411 548 2453; x_wconf 70' lang='lat' dir='ltr'>Mil.</span> <span class='ocrx_word' id='word_1_274' title='bbox 568 2411 667 2466; x_wconf 69' lang='lat' dir='ltr'>ylor.</span> <span class='ocrx_word' id='word_1_275' title='bbox 694 2411 815 2454; x_wconf 84' lang='lat'>1180.</span> <span class='ocrx_word' id='word_1_276' title='bbox 845 2411 956 2453; x_wconf 60' lang='lat' dir='ltr'>Trete.</span> <span class='ocrx_word' id='word_1_277' title='bbox 983 2412 1077 2456; x_wconf 79' lang='grc'>271.</span> <span class='ocrx_word' id='word_1_278' title='bbox 1100 2414 1190 2454; x_wconf 74' lang='lat' dir='ltr'>Mil.</span> <span class='ocrx_word' id='word_1_279' title='bbox 1215 2415 1315 2469; x_wconf 70' lang='lat' dir='ltr'>ylor.</span> <span class='ocrx_word' id='word_1_280' title='bbox 1342 2414 1397 2456; x_wconf 82' lang='grc'>24</span> <span class='ocrx_word' id='word_1_281' title='bbox 1418 2414 1489 2470; x_wconf 88' lang='lat' dir='ltr'>(cf.</span> <span class='ocrx_word' id='word_1_282' title='bbox 1507 2429 1547 2470; x_wconf 84' lang='lat' dir='ltr'>p.</span> <span class='ocrx_word' id='word_1_283' title='bbox 1565 2413 1619 2455; x_wconf 79' lang='lat'>20</span> <span class='ocrx_word' id='word_1_284' title='bbox 1636 2428 1727 2470; x_wconf 84' lang='lat' dir='ltr'>sqq.</span> 
     </span>
     <span class='ocr_line' id='line_1_34' title="bbox 104 2478 1729 2535; baseline 0.001 -15"><span class='ocrx_word' id='word_1_285' title='bbox 104 2479 184 2520; x_wconf 89' lang='grc'>118</span> <span class='ocrx_word' id='word_1_286' title='bbox 206 2479 287 2534; x_wconf 85' lang='lat' dir='ltr'>sq.)</span> <span class='ocrx_word' id='word_1_287' title='bbox 318 2480 505 2521; x_wconf 82' lang='lat' dir='ltr'>evictum</span> <span class='ocrx_word' id='word_1_288' title='bbox 536 2489 610 2532; x_wconf 87' lang='lat' dir='ltr'>est,</span> <span class='ocrx_word' id='word_1_289' title='bbox 635 2478 971 2522; x_wconf 86' lang='lat' dir='ltr'>Ambrosianum</span> <span class='ocrx_word' id='word_1_290' title='bbox 1004 2481 1199 2523; x_wconf 89' lang='lat' dir='ltr'>omnibus</span> <span class='ocrx_word' id='word_1_291' title='bbox 1232 2481 1314 2522; x_wconf 89' lang='lat' dir='ltr'>illis</span> <span class='ocrx_word' id='word_1_292' title='bbox 1343 2481 1461 2532; x_wconf 89' lang='lat' dir='ltr'>locis,</span> <span class='ocrx_word' id='word_1_293' title='bbox 1494 2480 1649 2535; x_wconf 90' lang='lat' dir='ltr'>quibus</span> <span class='ocrx_word' id='word_1_294' title='bbox 1675 2480 1729 2522; x_wconf 88' lang='lat' dir='ltr'>ad</span> 
     </span>
     <span class='ocr_line' id='line_1_35' title="bbox 103 2546 1727 2606; baseline -0.001 -16"><span class='ocrx_word' id='word_1_295' title='bbox 103 2546 310 2590; x_wconf 88' lang='lat' dir='ltr'>Varronis</span> <span class='ocrx_word' id='word_1_296' title='bbox 342 2555 382 2589; x_wconf 87' lang='lat' dir='ltr'>et</span> <span class='ocrx_word' id='word_1_297' title='bbox 406 2547 530 2590; x_wconf 86' lang='lat' dir='ltr'>Verri</span> <span class='ocrx_word' id='word_1_298' title='bbox 562 2547 709 2590; x_wconf 85' lang='lat' dir='ltr'>Flacci</span> <span class='ocrx_word' id='word_1_299' title='bbox 741 2555 933 2604; x_wconf 85' lang='lat' dir='ltr'>tempora</span> <span class='ocrx_word' id='word_1_300' title='bbox 966 2548 1234 2591; x_wconf 85' lang='lat' dir='ltr'>diversitates</span> <span class='ocrx_word' id='word_1_301' title='bbox 1267 2550 1504 2606; x_wconf 86' lang='lat' dir='ltr'>scripturae</span> <span class='ocrx_word' id='word_1_302' title='bbox 1536 2549 1727 2598; x_wconf 89' lang='lat' dir='ltr'>redeunt,</span> 
     </span>
     <span class='ocr_line' id='line_1_36' title="bbox 101 2615 1729 2674; baseline 0.001 -18"><span class='ocrx_word' id='word_1_303' title='bbox 101 2615 400 2670; x_wconf 89' lang='lat' dir='ltr'>gravissimam</span> <span class='ocrx_word' id='word_1_304' title='bbox 422 2616 647 2658; x_wconf 86' lang='lat' dir='ltr'>ostendere</span> <span class='ocrx_word' id='word_1_305' title='bbox 668 2617 1013 2658; x_wconf 85' lang='lat' dir='ltr'>retractationem</span> <span class='ocrx_word' id='word_1_306' title='bbox 1036 2625 1277 2674; x_wconf 88' lang='lat' dir='ltr'>susceptam</span> <span class='ocrx_word' id='word_1_307' title='bbox 1300 2633 1385 2660; x_wconf 89' lang='lat' dir='ltr'>non</span> <span class='ocrx_word' id='word_1_308' title='bbox 1409 2618 1500 2659; x_wconf 90' lang='lat' dir='ltr'>sine</span> <span class='ocrx_word' id='word_1_309' title='bbox 1524 2617 1729 2666; x_wconf 88' lang='lat' dir='ltr'>doctrina,</span> 
     </span>
     <span class='ocr_line' id='line_1_37' title="bbox 102 2683 1730 2742; baseline 0.001 -18"><span class='ocrx_word' id='word_1_310' title='bbox 102 2697 200 2724; x_wconf 90' lang='lat' dir='ltr'>cum</span> <span class='ocrx_word' id='word_1_311' title='bbox 221 2683 258 2724; x_wconf 91' lang='lat' dir='ltr'>P</span> <span class='ocrx_word' id='word_1_312' title='bbox 282 2698 427 2725; x_wconf 88' lang='lat' dir='ltr'>veram</span> <span class='ocrx_word' id='word_1_313' title='bbox 451 2683 609 2738; x_wconf 92' lang='lat' dir='ltr'>ubique</span> <span class='ocrx_word' id='word_1_314' title='bbox 634 2685 889 2739; x_wconf 88' lang='lat' dir='ltr'>scripturam</span> <span class='ocrx_word' id='word_1_315' title='bbox 913 2686 991 2726; x_wconf 89' lang='lat' dir='ltr'>etsi</span> <span class='ocrx_word' id='word_1_316' title='bbox 1015 2701 1066 2727; x_wconf 87' lang='lat' dir='ltr'>ex</span> <span class='ocrx_word' id='word_1_317' title='bbox 1088 2693 1211 2741; x_wconf 85' lang='lat' dir='ltr'>parte</span> <span class='ocrx_word' id='word_1_318' title='bbox 1233 2687 1369 2742; x_wconf 89' lang='lat' dir='ltr'>(velut</span> <span class='ocrx_word' id='word_1_319' title='bbox 1391 2687 1481 2727; x_wconf 69' lang='lat' dir='ltr'><em>Mil.</em></span> <span class='ocrx_word' id='word_1_320' title='bbox 1501 2687 1600 2741; x_wconf 72' lang='lat' dir='ltr'>ylor.</span> <span class='ocrx_word' id='word_1_321' title='bbox 1621 2685 1730 2726; x_wconf 83' lang='lat'>1180</span> 
     </span>
     <span class='ocr_line' id='line_1_38' title="bbox 108 2752 1728 2809; baseline 0.001 -17"><span class='ocrx_word' id='word_1_322' title='bbox 108 2752 350 2808; x_wconf 62' lang='lat' dir='ltr'>exfafillato)</span> <span class='ocrx_word' id='word_1_323' title='bbox 389 2759 502 2794; x_wconf 86' lang='lat' dir='ltr'>certe</span> <span class='ocrx_word' id='word_1_324' title='bbox 534 2767 615 2792; x_wconf 91' lang='lat' dir='ltr'>non</span> <span class='ocrx_word' id='word_1_325' title='bbox 656 2753 934 2803; x_wconf 87' lang='lat' dir='ltr'>intellectam,</span> <span class='ocrx_word' id='word_1_326' title='bbox 975 2754 1107 2796; x_wconf 89' lang='lat' dir='ltr'>nihilo</span> <span class='ocrx_word' id='word_1_327' title='bbox 1146 2755 1286 2796; x_wconf 89' lang='lat' dir='ltr'>minus</span> <span class='ocrx_word' id='word_1_328' title='bbox 1328 2769 1424 2796; x_wconf 87' lang='lat' dir='ltr'>cum</span> <span class='ocrx_word' id='word_1_329' title='bbox 1465 2754 1546 2795; x_wconf 84' lang='lat' dir='ltr'>fide</span> <span class='ocrx_word' id='word_1_330' title='bbox 1579 2768 1728 2809; x_wconf 87' lang='lat' dir='ltr'>propa-</span> 
     </span>
     <span class='ocr_line' id='line_1_39' title="bbox 104 2819 1728 2877; baseline 0.001 -17"><span class='ocrx_word' id='word_1_331' title='bbox 104 2827 250 2875; x_wconf 86' lang='lat' dir='ltr'>gatam</span> <span class='ocrx_word' id='word_1_332' title='bbox 291 2819 535 2875; x_wconf 86' lang='lat' dir='ltr'>praebeant.</span> <span class='ocrx_word' id='word_1_333' title='bbox 576 2820 673 2861; x_wconf 82' lang='lat' dir='ltr'>vide</span> <span class='ocrx_word' id='word_1_334' title='bbox 707 2829 866 2877; x_wconf 87' lang='lat' dir='ltr'>quanto</span> <span class='ocrx_word' id='word_1_335' title='bbox 897 2821 1072 2876; x_wconf 88' lang='lat' dir='ltr'>propius</span> <span class='ocrx_word' id='word_1_336' title='bbox 1104 2822 1159 2863; x_wconf 88' lang='lat' dir='ltr'>ad</span> <span class='ocrx_word' id='word_1_337' title='bbox 1191 2822 1535 2876; x_wconf 84' lang='lat' dir='ltr'>antiquissimum</span> <span class='ocrx_word' id='word_1_338' title='bbox 1567 2820 1728 2862; x_wconf 87' lang='lat' dir='ltr'>fabula-</span> 
     </span>
     <span class='ocr_line' id='line_1_40' title="bbox 103 2887 1730 2943; baseline 0 -15"><span class='ocrx_word' id='word_1_339' title='bbox 103 2902 196 2928; x_wconf 90' lang='lat' dir='ltr'>rum</span> <span class='ocrx_word' id='word_1_340' title='bbox 220 2887 517 2929; x_wconf 89' lang='lat' dir='ltr'>Plautinarum</span> <span class='ocrx_word' id='word_1_341' title='bbox 540 2888 772 2943; x_wconf 83' lang='lat' dir='ltr'>exemplar,</span> <span class='ocrx_word' id='word_1_342' title='bbox 795 2889 838 2929; x_wconf 93' lang='lat' dir='ltr'>in</span> <span class='ocrx_word' id='word_1_343' title='bbox 864 2904 947 2943; x_wconf 88' lang='lat' dir='ltr'>quo</span> <span class='ocrx_word' id='word_1_344' title='bbox 970 2890 1106 2930; x_wconf 85' lang='lat' dir='ltr'>omnis</span> <span class='ocrx_word' id='word_1_345' title='bbox 1130 2890 1273 2931; x_wconf 85' lang='lat' dir='ltr'>Plauti</span> <span class='ocrx_word' id='word_1_346' title='bbox 1299 2889 1418 2930; x_wconf 89' lang='lat' dir='ltr'>crisis</span> <span class='ocrx_word' id='word_1_347' title='bbox 1450 2888 1623 2930; x_wconf 87' lang='lat' dir='ltr'>condita</span> <span class='ocrx_word' id='word_1_348' title='bbox 1653 2896 1730 2938; x_wconf 86' lang='lat' dir='ltr'>est,</span> 
     </span>
     <span class='ocr_line' id='line_1_41' title="bbox 104 2956 1728 3016; baseline 0 -19"><span class='ocrx_word' id='word_1_349' title='bbox 104 2956 311 2999; x_wconf 85' lang='lat' dir='ltr'>accedant</span> <span class='ocrx_word' id='word_1_350' title='bbox 343 2956 541 3007; x_wconf 85' lang='lat' dir='ltr'>Palatini,</span> <span class='ocrx_word' id='word_1_351' title='bbox 575 2972 704 3013; x_wconf 88' lang='lat' dir='ltr'>quam</span> <span class='ocrx_word' id='word_1_352' title='bbox 734 2956 1060 3001; x_wconf 86' lang='lat' dir='ltr'>Ambrosianus.</span> <span class='ocrx_word' id='word_1_353' title='bbox 1101 2958 1216 3016; x_wconf 90' lang='lat' dir='ltr'>quod</span> <span class='ocrx_word' id='word_1_354' title='bbox 1248 2964 1478 3014; x_wconf 87' lang='lat' dir='ltr'>antequam</span> <span class='ocrx_word' id='word_1_355' title='bbox 1510 2956 1728 3012; x_wconf 86' lang='lat' dir='ltr'>cognitum</span> 
     </span>
    </p>
   </div>
  </div>
 </body>
</html>
