2020 3278
1081 152 1133 191 236

293 291 358 332 Ex
395 291 538 332 multis
563 300 690 343 atquc
723 288 899 342 exquire
924 287 1016 343 [cx]
1034 289 1064 342 ¹)
1098 287 1177 327 illis
1201 286 1348 327 amicis
1373 300 1502 327 unum
1525 285 1596 340 qui
1621 293 1777 327 certust
1800 283 1916 326 cedo.

292 375 419 415 quam
453 358 674 399 lectionem
708 357 796 397 sive
829 371 925 397 cum
951 355 1186 396 Ritsclwlio
1221 361 1321 409 puta
1356 354 1491 395 redire
1523 354 1577 395 ad
1599 354 1709 395 hanc
1732 354 1916 394 formam

433 439 579 494 Atque
612 450 826 492 quuaere
859 452 909 475 cx
943 435 1025 476 illis
1059 435 1200 476 multis
1234 449 1378 483 unum,
1412 434 1483 490 qui
1516 441 1656 476 certus
1689 433 1767 475 siet

292 507 380 547 sire
413 520 510 548 cum
542 504 801 559 Niemeycro
833 504 887 544 ad
920 503 1030 543 hanc

435 575 576 629 Atque
608 573 786 629 exquire
818 588 869 613 cx
906 572 1047 613 multis
1080 571 1161 611 illis
1193 585 1338 620 unum,
1371 570 1443 626 qui
1476 576 1615 611 certus
1647 570 1725 611 siet

291 664 383 710 post
417 661 604 695 nostram
638 653 966 707 disputationem
1001 659 1164 693 constat
1207 665 1332 692 versu
1364 649 1443 692 391
1484 649 1617 691 eiecto
1650 657 1767 705 atque
1805 648 1920 691 nullo

293 723 417 763 modo
449 722 546 762 ferri
581 735 723 776 posse:
763 736 890 777 quam
925 735 1070 761 vocem
1105 720 1146 760 in
1179 718 1214 759 P
1246 733 1328 759 non
1361 718 1564 772 scriptam
1597 725 1776 774 apparet
1806 718 1847 758 in
1878 717 1922 758 A

293 791 346 832 ab
378 798 547 831 auctore
581 789 852 842 recensionis,
886 796 930 830 ut
967 803 1003 828 v.
1036 789 1117 829 3592
1150 803 1246 828 cum
1279 786 1546 828 antecedenti
1578 786 1657 827 391
1693 785 1920 828 subditicio

293 859 644 914 coniungeretur,
690 857 987 911 interpolatam
1028 871 1139 906 esse3
1187 855 1388 910 quocirca
1425 870 1506 896 non
1551 854 1670 903 licet,
1719 855 1760 895 in
1807 855 1921 911 quod

293 926 416 967 facile
448 925 660 980 quispiam
693 924 902 973 inciderit,
936 924 1014 964 liac
1041 925 1251 979 scriptura
1275 923 1550 965 Ambrosiani
1575 922 1768 964 adhibita
1797 923 1921 966 edere

293 996 406 1050 atqui
432 1008 634 1049 ea'quaere,
674 993 747 1034 scd
769 993 1053 1034 concedamus
1079 1007 1249 1033 necesse
1281 1001 1341 1033 est
1369 1007 1536 1033 versum
1570 1006 1768 1033 mancum
1800 992 1921 1034 nobis

293 1063 493 1104 traditum
527 1076 640 1111 csse,
673 1061 793 1102 cuius
826 1061 1066 1102 emendatio
1099 1076 1270 1117 prorsus
1302 1060 1418 1102 nulla
1450 1060 1728 1102 Ambrosiani
1761 1060 1922 1102 ratione

293 1131 437 1172 habita
470 1130 729 1171 instituenda
771 1140 846 1182 est,
883 1130 997 1171 velut
1027 1129 1081 1170 ad
1115 1129 1191 1170 hoc
1225 1129 1492 1184 exemplum:
1525 1129 1600 1179 ,At
1632 1136 1676 1169 tu
1708 1144 1923 1185 exquaere

294 1215 345 1241 ex
386 1199 482 1240 illis‘
529 1213 564 1240 e.
603 1213 643 1252 q.
683 1213 722 1247 s;
771 1201 823 1239 cf.
863 1199 1010 1239 l'seml.
1050 1199 1115 1241 32.
1191 1201 1314 1240 Alere.
1359 1199 1450 1240 137.
1528 1200 1636 1239 Pers.
1680 1198 1776 1239 242.
1825 1198 1922 1240 288.

294 1270 377 1310 iam
423 1268 477 1309 ad
526 1282 674 1308 versus
730 1267 856 1308 linem
911 1281 1201 1321 properamus.
1291 1268 1362 1324 qui
1420 1282 1516 1309 cuin
1570 1267 1613 1308 in
1660 1266 1704 1308 A
1757 1266 1924 1324 legatur

293 1353 415 1378 immin
461 1338 531 1392 qui
575 1343 714 1376 certus-c
762 1337 874 1383 cedo,
929 1335 970 1375 in
1009 1335 1046 1376 P
1093 1353 1213 1377 zmmn
1251 1334 1320 1392 qui
1358 1344 1482 1377 certus
1511 1337 1601 1383 siet,
1642 1342 1922 1376 correctorem

293 1406 518 1447 metricum
562 1404 604 1445 in
649 1404 686 1444 A
735 1404 958 1445 manifesto
1001 1413 1212 1456 tenemus3
1257 1405 1328 1462 qui
1377 1420 1472 1446 cum
1515 1419 1597 1445 nou
1644 1404 1923 1460 intellegeret,

293 1490 419 1529 quem
461 1474 514 1515 ad
546 1474 672 1514 finem
706 1474 799 1514 cedo
840 1473 943 1514 illud
984 1473 1026 1514 in
1066 1474 1302 1530 archetypo
1343 1474 1606 1529 adscriptum
1641 1480 1771 1522 esset,
1812 1472 1922 1513 hanc

296 1560 442 1585 vocem
477 1543 617 1583 versui
651 1542 835 1583 inserere
869 1542 1033 1584 studuit
1066 1549 1200 1584 metro
1236 1542 1295 1582 ita
1329 1541 1569 1592 consulens,
1600 1550 1646 1583 ut
1675 1549 1815 1583 certust
1848 1556 1923 1598 pro

294 1621 418 1653 certus
469 1613 538 1652 siet
589 1611 878 1652 substitueret.
986 1610 1273 1666 Nietneyerus
1327 1626 1426 1652 vero
1485 1625 1566 1651 non
1619 1610 1755 1651 solum
1814 1610 1923 1651 hanc

295 1680 570 1723 Ambrosiani
600 1680 890 1720 recensionem
923 1695 1003 1721 non
1037 1680 1225 1736 agnovit,
1259 1679 1332 1720 sed
1368 1679 1495 1720 etiam
1516 1678 1736 1720 Palatinos
1758 1678 1922 1720 fraudis

295 1751 471 1792 incusat.
526 1749 597 1805 qui
631 1762 727 1788 cum
752 1746 1032 1789 Ambrosiani
1063 1747 1349 1802 corruptelam
1383 1755 1523 1788 certmst
1555 1747 1722 1788 silentio
1746 1759 1923 1802 premat,

294 1818 587 1860 Palatinorum
620 1816 875 1872 scripturam
908 1817 1034 1858 tacite
1067 1817 1231 1872 recipit,
1264 1816 1389 1857 simul
1423 1823 1565 1857 tamen
1598 1823 1787 1870 questus,
1819 1816 1862 1856 in
1884 1815 1921 1857 P

295 1888 378 1928 duo
418 1886 575 1927 indicia
610 1884 859 1933 certissima,
900 1883 1054 1940 quibus
1093 1900 1238 1926 verum
1272 1884 1442 1938 assequi
1476 1886 1709 1939 possimus,
1751 1898 1924 1939 prorsus

298 1955 535 1996 evanuisse.
605 1967 704 1993 sane
744 1953 837 1992 cedo
876 1952 918 1992 in
956 1952 993 1993 P
1032 1953 1224 2006 evanuit,
1266 1953 1339 1994 sed
1374 1953 1444 2009 qui
1484 1953 1656 1994 tandem
1688 1953 1925 1994 recensioni

296 2023 423 2065 tribui
458 2030 591 2078 potest
626 2021 797 2061 omissio
830 2020 969 2071 verbi,
1010 2021 1123 2078 quod
1156 2021 1208 2062 ab
1240 2022 1332 2077 ipso
1366 2036 1492 2063 versu
1532 2036 1704 2076 prorsus
1737 2022 1924 2063 alienum

296 2100 355 2133 est
382 2099 420 2131 et
445 2090 625 2146 margini
644 2089 742 2130 olim
767 2088 1032 2146 adscriptum
1055 2089 1179 2130 facile
1203 2089 1369 2131 scribae
1391 2089 1535 2131 oculos
1557 2090 1706 2145 fugere
1729 2090 1924 2145 poterat?

296 2169 412 2216 atque
444 2174 556 2211 vero,
591 2159 705 2212 quod
738 2159 777 2198 in
812 2158 854 2199 A
887 2164 1054 2198 tantum
1087 2164 1218 2207 extat,
1253 2172 1327 2199 cur
1359 2173 1440 2198 non
1473 2158 1605 2213 possit
1637 2174 1714 2215 pro
1736 2159 1924 2214 genuina

298 2238 445 2284 poetae
493 2228 704 2282 scriptura
751 2226 919 2275 haberi,
968 2226 1092 2267 modo
1131 2226 1320 2280 exposui.
1383 2226 1524 2281 itaque
1568 2227 1657 2268 eius
1690 2227 1924 2269 rationibus

296 2297 411 2338 nullo
467 2295 590 2336 modo
637 2294 920 2335 labefactatur
966 2294 1079 2350 quod
1119 2295 1429 2345 demonstravi,
1476 2295 1518 2335 in
1558 2295 1602 2336 A
1644 2303 1924 2337 correctorem

298 2365 438 2406 sensui
472 2364 722 2406 subvenisse
756 2364 904 2404 addita
937 2378 1040 2404 voce
1073 2371 1202 2419 atque,
1244 2364 1366 2405 metri
1399 2378 1499 2405 vero
1533 2364 1669 2418 gratia
1703 2364 1923 2420 scripsisse

297 2442 437 2475 eertust
477 2448 552 2489 pro
585 2441 709 2474 certus
738 2434 820 2473 siet.
883 2440 1062 2486 utroque
1102 2432 1193 2473 loco
1225 2432 1410 2473 Palatini
1451 2445 1546 2472 cum
1578 2432 1661 2473 fide
1701 2432 1924 2488 archetypi

297 2504 554 2558 scripturam
587 2509 921 2557 repraesentant.

357 2583 477 2624 Stich.
510 2583 589 2624 451

411 2663 467 2704 P:
501 2662 575 2702 Ea
605 2662 690 2703 ibo
722 2660 988 2710 obsonatum,
1022 2660 1169 2702 eadem
1201 2662 1384 2702 referam
1416 2660 1638 2703 obsonium

411 2731 468 2772 A:
502 2730 594 2771 Ibo
626 2729 878 2771 obsonatum
911 2737 1067 2783 atque
1100 2729 1249 2771 eadem
1282 2730 1462 2771 referam
1495 2730 1732 2772 obsonium.

413 2914 437 2956 ¹)
463 2913 517 2946 Ea·
550 2913 586 2946 in
612 2913 647 2946 A
673 2913 883 2956 Geppertus
917 2924 989 2946 non
1021 2911 1129 2955 legit,
1164 2911 1225 2946 sed
1258 2913 1418 2957 spatium
1451 2911 1606 2946 duarum
1640 2911 1849 2945 litterarum
1876 2921 1921 2945 ex

294 2971 505 3005 coniectura
532 2970 584 3003 ita
609 2969 784 3013 explevit.
