2020 3278
870 104 947 146 137

96 257 208 284 mur:
249 249 308 291 ,ut
339 241 529 282 homines
569 256 633 282 me
667 248 876 282 mortuom
908 241 1052 282 dicant
1083 240 1222 291 fame‘‚
1265 243 1406 279 tamen
1448 244 1591 278 nostro
1632 237 1723 277 iure

95 325 243 352 vocem
287 325 345 350 me
390 309 517 350 etiam
563 309 606 350 in
640 309 935 351 Palatinorum
967 308 1211 350 recensione
1259 307 1302 347 in
1353 305 1537 348 eundem
1583 305 1722 346 locum

100 379 384 427 restituemus,
418 393 542 434 quem
576 378 678 419 inA
710 377 814 419 bene
847 377 1046 424 servavit,
1079 383 1123 417 ut
1156 374 1209 416 ad
1243 374 1355 416 hunc
1387 373 1527 429 potius
1557 388 1728 415 versum

95 447 282 489 Palatini
315 446 510 488 redeant:

211 514 364 571 Neque
397 529 477 570 ego
509 515 587 555 hoc
612 514 887 566 committam,
923 520 968 555 ut
1001 512 1095 553 med
1119 511 1313 553 homines
1346 518 1557 552 mortuom
1586 510 1730 552 dicant

1385 579 1512 620 fame‘

98 666 269 708 prorsus
310 651 425 707 paris
462 666 559 692 cum
593 650 869 692 Ambrosiani
912 665 1039 692 versu
1078 648 1224 704 pretii3
1271 663 1370 688 nam
1411 646 1609 688 infinitivi
1651 661 1728 688 esse

94 720 261 775 ellipsin
294 719 527 761 defendunt
550 720 665 760 Most.
687 718 771 761 443
796 718 881 775 ‚qui
905 726 945 760 te
971 718 1186 759 nuntiaret
1209 723 1447 758 mortuom.‘
1507 716 1618 757 True.
1643 715 1724 756 742

94 800 318 839 ,mortuom
366 788 507 829 hercle
554 802 620 829 me
666 787 882 828 mavelim‘
929 786 1012 828 926
1056 785 1284 835 ‚Mortuom
1332 785 1474 827 hercle
1515 799 1583 826 me
1622 784 1729 825 adeo

97 857 277 898 satiust!
338 857 489 897 Bacch.
512 856 595 897 506
625 855 734 912 ,Ego
758 856 860 897 faxo
884 856 967 898 hau
993 855 1105 896 dicet
1128 862 1310 904 nactam,
1344 869 1469 910 quem
1500 851 1731 894 deluserit.‘

212 925 376 969 Summi
409 926 611 966 momenti
644 924 698 965 ad
730 935 918 966 nostram
950 925 1245 978 quaestionem
1277 929 1340 964 est

154 995 298 1036 Pseud.
330 994 413 1037 669

209 1062 274 1104 A:
307 1061 508 1118 Namque
542 1062 635 1118 ipsa
664 1061 975 1117 Opportunitas
1015 1076 1096 1102 non
1131 1060 1269 1115 potuit
1307 1059 1411 1100 mihi
1443 1057 1725 1114 opportunius

1185 1128 1408 1170 Advenire

211 1199 269 1240 P:
302 1198 417 1240 Nam
462 1199 557 1254 ipsa
608 1198 712 1240 mihi
759 1197 1069 1253 Opportunitas
1123 1213 1206 1238 non
1257 1195 1396 1252 potuit
1445 1194 1726 1252 opportunius

1182 1265 1418 1308 Advenire.

96 1349 384 1390 praepropere
422 1334 641 1376 Palatinos
688 1335 907 1376 damnavit
954 1334 1240 1391 Niemeyerus
1280 1351 1318 1391 p.
1354 1334 1426 1384 16,
1473 1332 1592 1375 cuius
1623 1331 1729 1372 haec

97 1412 160 1445 est
195 1403 450 1459 disputatio:
493 1403 676 1453 ‚videtur
716 1420 811 1444 nam
848 1403 1053 1460 scriptum
1094 1418 1205 1453 esse,
1244 1418 1297 1445 ne
1336 1401 1594 1458 transposito
1637 1415 1729 1455 pro-

95 1473 267 1514 nomine
317 1473 417 1513 mihi
461 1480 642 1514 metrum
682 1472 925 1514 violaretur.
968 1486 1051 1514 non
1091 1471 1203 1513 enim
1241 1471 1342 1512 licet
1374 1486 1398 1511 a
1430 1469 1466 1511 P
1497 1468 1724 1524 proficisci,

97 1541 198 1596 quia
231 1555 357 1591 „nam
390 1541 483 1596 ipsa
518 1544 520 1595 l
556 1540 896 1597 Opportunitas“
929 1540 1150 1582 offensioni
1173 1540 1304 1581 fuisse
1337 1553 1466 1594 aegre
1489 1536 1729 1579 oredimus.‘

98 1609 200 1664 quid
246 1624 346 1650 vero
386 1609 560 1660 mirum,
602 1610 635 1650 si
669 1610 711 1650 in
751 1610 871 1651 hiatu
909 1609 1191 1666 pinguissimo
1230 1607 1546 1649 Ambrosianae
1587 1620 1730 1646 recen-

97 1678 227 1719 sionis
259 1685 407 1719 auctor
438 1677 655 1719 haeserit?
687 1678 779 1733 pari
812 1685 956 1719 autem
987 1677 1078 1719 iure
1107 1677 1363 1719 contendere
1397 1689 1625 1731 possumus
1657 1681 1731 1715 aut

98 1761 268 1802 namque
299 1761 375 1802 pro
407 1762 502 1787 nam
532 1755 605 1788 aut
637 1746 821 1788 invicem
852 1763 947 1787 mim
977 1762 1054 1802 pro
1087 1761 1257 1801 namque
1288 1744 1493 1801 scriptum
1527 1745 1570 1784 in
1602 1757 1731 1784 causa

95 1815 240 1865 fuisse,
273 1830 358 1869 qua
390 1816 491 1856 milei
522 1815 612 1857 loco
644 1816 830 1871 genuino
870 1822 1122 1857 moveretur.
1184 1813 1258 1855 sed
1295 1813 1397 1855 mihi
1439 1812 1611 1854 omnino
1643 1825 1726 1852 non

97 1883 376 1937 grammatica
408 1883 481 1924 sed
514 1884 712 1925 scaenica
751 1884 996 1925 retractatio
1036 1882 1263 1924 statuenda
1296 1896 1388 1923 esse
1419 1881 1601 1933 videtur,
1643 1894 1728 1934 qua

96 1951 298 1993 facillime
330 1952 566 2008 scripturae
600 1952 826 1994 diversitas
858 1952 1111 2008 explicatur.
1173 1958 1360 1992 ceterum
1392 1950 1435 1991 in
1466 1957 1646 2005 utraque
1669 1962 1727 1989 re-

98 2020 296 2062 censione
328 2023 385 2061 mi
414 2034 490 2075 pro
521 2021 621 2062 mihi
651 2020 944 2076 reponendum
977 2035 1067 2062 esse
1101 2027 1434 2062 consentaneum
1466 2027 1540 2062 est.

213 2088 422 2130 Venimus
460 2090 513 2130 ad
554 2089 763 2144 quosdam
804 2090 942 2139 locos,
990 2089 1144 2143 quibus
1182 2089 1221 2129 in
1266 2087 1486 2130 codicibus
1532 2086 1726 2127 diversae

101 2157 409 2199 sententiarum
432 2166 669 2199 structurae
701 2158 972 2205 exhibentur,
1006 2172 1076 2199 eos
1100 2172 1270 2213 quoque
1302 2172 1327 2198 a
1348 2154 1724 2213 grammaticorum

103 2225 345 2282 corrigendi
378 2226 685 2268 consuetudine
717 2226 842 2282 longe
874 2226 1049 2267 alienos.

164 2295 274 2336 Tmm.
307 2293 391 2337 390

211 2362 273 2403 A:
306 2361 467 2405 Verum
499 2362 778 2404 adsimulasse
810 2377 876 2404 me
909 2377 999 2403 esse
1031 2369 1309 2418 praegnatem
1343 2359 1458 2401 haud
1491 2373 1600 2415 nego

212 2429 268 2471 P:
305 2429 463 2472 Verum
496 2430 751 2472 adsimulavi
784 2445 849 2472 me
881 2445 971 2472 esse
1004 2436 1302 2485 praegnatem:
1335 2427 1452 2470 haud
1483 2442 1604 2484 nego,
1658 2460 1660 2462 -

98 2497 375 2539 histrionibus
429 2498 544 2539 haud
604 2507 855 2540 cunctanter
916 2498 1106 2539 diversas
1159 2511 1305 2539 versus
1356 2499 1513 2538 formas
1565 2494 1717 2544 tribuo,

101 2581 281 2623 quarum
317 2572 468 2608 neutra
498 2582 574 2622 per
596 2582 639 2608 se
671 2567 793 2609 alteri
819 2567 951 2617 cedit3
984 2582 1081 2607 nam
1105 2566 1227 2620 quasi
1259 2572 1410 2620 suapte
1435 2571 1584 2621 sponte
1616 2563 1727 2604 inter

99 2634 463 2689 pronuntiandum
496 2635 629 2676 altera
660 2650 712 2677 ex
747 2636 880 2676 altera
920 2635 1037 2676 nasci
1079 2634 1229 2690 potuit.
1291 2648 1389 2674 cum
1429 2632 1725 2673 Palatinorum

98 2703 235 2743 forma
266 2704 319 2744 cf.
353 2703 474 2751 Mero.
506 2703 588 2746 982
620 2703 809 2753 ‚Fateort
844 2703 1003 2757 deliqui
1036 2704 1252 2759 profecto‘.

165 2770 271 2812 Trin.
304 2769 359 2811 60

214 2839 278 2879 A:
309 2838 511 2893 Namque
544 2838 657 2879 enim
688 2845 728 2879 te
760 2837 887 2879 credo
919 2853 986 2880 me
1018 2838 1333 2893 imprudentem
1364 2836 1604 2891 obrepseris

217 2907 272 2948 P:
306 2907 505 2964 Namque
538 2907 650 2948 enim
683 2915 728 2948 tu
761 2906 888 2947 credo
920 2906 1024 2947 mihi
1054 2905 1300 2963 inprudenti
1332 2903 1583 2959 obrepseris.
