<?xml version="1.0" encoding="UTF-8"?>
<!DOCTYPE html PUBLIC "-//W3C//DTD XHTML 1.0 Transitional//EN"
    "http://www.w3.org/TR/xhtml1/DTD/xhtml1-transitional.dtd">
<html xmlns="http://www.w3.org/1999/xhtml" xml:lang="en" lang="en">
 <head>
  <title>
</title>
<meta http-equiv="Content-Type" content="text/html;charset=utf-8" />
  <meta name='ocr-system' content='tesseract 3.04.00' />
  <meta name='ocr-capabilities' content='ocr_page ocr_carea ocr_par ocr_line ocrx_word'/>
</head>
<body>
  <div class='ocr_page' id='page_1' title='image "./deplautifabularu00baieuoft_0153.png"; bbox 0 0 2020 3278; ppageno 0'>
   <div class='ocr_carea' id='block_1_1' title="bbox 74 147 1712 2666">
    <p class='ocr_par' dir='ltr' id='par_1_1' title="bbox 74 147 1708 1159">
     <span class='ocr_line' id='line_1_1' title="bbox 854 147 929 188; baseline 0 0"><span class='ocrx_word' id='word_1_1' title='bbox 854 147 929 188; x_wconf 87' lang='lat'>141</span> 
     </span>
     <span class='ocr_line' id='line_1_2' title="bbox 75 280 1705 338; baseline 0.001 -16"><span class='ocrx_word' id='word_1_2' title='bbox 75 280 224 337; x_wconf 87' lang='lat' dir='ltr'>(supra</span> <span class='ocrx_word' id='word_1_3' title='bbox 256 297 293 324; x_wconf 85' lang='lat' dir='ltr'>v,</span> <span class='ocrx_word' id='word_1_4' title='bbox 325 281 419 324; x_wconf 79' lang='lat'>842.</span> <span class='ocrx_word' id='word_1_5' title='bbox 451 281 554 335; x_wconf 81' lang='lat'>843)</span> <span class='ocrx_word' id='word_1_6' title='bbox 597 284 730 338; x_wconf 89' lang='lat' dir='ltr'>spurii</span> <span class='ocrx_word' id='word_1_7' title='bbox 770 284 954 326; x_wconf 87' lang='lat' dir='ltr'>habendi</span> <span class='ocrx_word' id='word_1_8' title='bbox 996 290 1107 331; x_wconf 88' lang='lat' dir='ltr'>sunt,</span> <span class='ocrx_word' id='word_1_9' title='bbox 1148 298 1246 323; x_wconf 87' lang='lat' dir='ltr'>nam</span> <span class='ocrx_word' id='word_1_10' title='bbox 1290 290 1330 324; x_wconf 90' lang='lat' dir='ltr'>et</span> <span class='ocrx_word' id='word_1_11' title='bbox 1364 297 1497 337; x_wconf 89' lang='lat' dir='ltr'>pravo</span> <span class='ocrx_word' id='word_1_12' title='bbox 1530 282 1620 324; x_wconf 80' lang='lat' dir='ltr'>Ioco</span> <span class='ocrx_word' id='word_1_13' title='bbox 1653 283 1705 324; x_wconf 88' lang='lat' dir='ltr'>le—</span> 
     </span>
     <span class='ocr_line' id='line_1_3' title="bbox 75 349 1705 408; baseline 0.002 -19"><span class='ocrx_word' id='word_1_14' title='bbox 75 357 235 404; x_wconf 87' lang='lat' dir='ltr'>guntur</span> <span class='ocrx_word' id='word_1_15' title='bbox 256 349 501 404; x_wconf 87' lang='lat' dir='ltr'>(Acidalius</span> <span class='ocrx_word' id='word_1_16' title='bbox 520 358 615 406; x_wconf 81' lang='lat' dir='ltr'>post</span> <span class='ocrx_word' id='word_1_17' title='bbox 635 351 716 392; x_wconf 81' lang='lat'>745</span> <span class='ocrx_word' id='word_1_18' title='bbox 739 352 880 406; x_wconf 82' lang='lat' dir='ltr'>posuit</span> <span class='ocrx_word' id='word_1_19' title='bbox 907 352 1048 408; x_wconf 88' lang='lat' dir='ltr'>[cuius</span> <span class='ocrx_word' id='word_1_20' title='bbox 1071 351 1344 406; x_wconf 73' lang='lat' dir='ltr'>transpositio</span> <span class='ocrx_word' id='word_1_21' title='bbox 1367 365 1498 405; x_wconf 85' lang='lat' dir='ltr'>supra</span> <span class='ocrx_word' id='word_1_22' title='bbox 1521 351 1705 392; x_wconf 85' lang='lat' dir='ltr'>numeris</span> 
     </span>
     <span class='ocr_line' id='line_1_4' title="bbox 75 416 1706 476; baseline 0.001 -18"><span class='ocrx_word' id='word_1_23' title='bbox 75 416 381 459; x_wconf 79' lang='lat' dir='ltr'>Ritschelianis</span> <span class='ocrx_word' id='word_1_24' title='bbox 411 417 599 459; x_wconf 87' lang='lat' dir='ltr'>indicata</span> <span class='ocrx_word' id='word_1_25' title='bbox 631 418 730 476; x_wconf 83' lang='lat' dir='ltr'>est])</span> <span class='ocrx_word' id='word_1_26' title='bbox 763 427 802 460; x_wconf 90' lang='lat' dir='ltr'>et</span> <span class='ocrx_word' id='word_1_27' title='bbox 834 434 1005 474; x_wconf 83' lang='lat' dir='ltr'>prorsus</span> <span class='ocrx_word' id='word_1_28' title='bbox 1038 419 1169 473; x_wconf 84' lang='lat' dir='ltr'>inepti</span> <span class='ocrx_word' id='word_1_29' title='bbox 1201 426 1321 468; x_wconf 83' lang='lat' dir='ltr'>sunt3</span> <span class='ocrx_word' id='word_1_30' title='bbox 1363 434 1461 460; x_wconf 89' lang='lat' dir='ltr'>nam</span> <span class='ocrx_word' id='word_1_31' title='bbox 1496 419 1706 469; x_wconf 83' lang='lat' dir='ltr'>„dimissis</span> 
     </span>
     <span class='ocr_line' id='line_1_5' title="bbox 76 485 1706 543; baseline 0 -16"><span class='ocrx_word' id='word_1_32' title='bbox 76 485 299 527; x_wconf 80' lang='lat' dir='ltr'>manibus“</span> <span class='ocrx_word' id='word_1_33' title='bbox 349 486 480 542; x_wconf 85' lang='lat' dir='ltr'>vulgo</span> <span class='ocrx_word' id='word_1_34' title='bbox 528 487 745 537; x_wconf 82' lang='lat' dir='ltr'>dicebant,</span> <span class='ocrx_word' id='word_1_35' title='bbox 795 487 1006 538; x_wconf 75' lang='lat' dir='ltr'>„dimissis</span> <span class='ocrx_word' id='word_1_36' title='bbox 1047 486 1270 542; x_wconf 79' lang='lat' dir='ltr'>pedibus“‚</span> <span class='ocrx_word' id='word_1_37' title='bbox 1313 487 1426 543; x_wconf 90' lang='lat' dir='ltr'>quod</span> <span class='ocrx_word' id='word_1_38' title='bbox 1465 487 1706 542; x_wconf 84' lang='lat' dir='ltr'>corrigendi</span> 
     </span>
     <span class='ocr_line' id='line_1_6' title="bbox 77 554 1707 612; baseline 0 -16"><span class='ocrx_word' id='word_1_39' title='bbox 77 569 207 596; x_wconf 87' lang='lat' dir='ltr'>causa</span> <span class='ocrx_word' id='word_1_40' title='bbox 233 554 492 611; x_wconf 85' lang='lat' dir='ltr'>[secundum</span> <span class='ocrx_word' id='word_1_41' title='bbox 514 555 578 612; x_wconf 93' lang='lat' dir='ltr'>A]</span> <span class='ocrx_word' id='word_1_42' title='bbox 601 555 788 609; x_wconf 84' lang='lat' dir='ltr'>affertur,</span> <span class='ocrx_word' id='word_1_43' title='bbox 823 556 927 597; x_wconf 83' lang='lat' dir='ltr'>nihil</span> <span class='ocrx_word' id='word_1_44' title='bbox 960 563 1035 598; x_wconf 88' lang='lat' dir='ltr'>est.</span> <span class='ocrx_word' id='word_1_45' title='bbox 1068 556 1132 596; x_wconf 89' lang='lat' dir='ltr'>sin</span> <span class='ocrx_word' id='word_1_46' title='bbox 1164 555 1205 596; x_wconf 89' lang='lat' dir='ltr'>hi</span> <span class='ocrx_word' id='word_1_47' title='bbox 1239 555 1324 596; x_wconf 92' lang='lat' dir='ltr'>duo</span> <span class='ocrx_word' id='word_1_48' title='bbox 1357 570 1504 597; x_wconf 83' lang='lat' dir='ltr'>versus</span> <span class='ocrx_word' id='word_1_49' title='bbox 1536 555 1707 597; x_wconf 90' lang='lat' dir='ltr'>tenendi</span> 
     </span>
     <span class='ocr_line' id='line_1_7' title="bbox 75 623 1707 681; baseline 0 -17"><span class='ocrx_word' id='word_1_50' title='bbox 75 631 184 673; x_wconf 88' lang='lat' dir='ltr'>sunt,</span> <span class='ocrx_word' id='word_1_51' title='bbox 218 624 456 666; x_wconf 87' lang='lat' dir='ltr'>necessario</span> <span class='ocrx_word' id='word_1_52' title='bbox 488 625 785 681; x_wconf 85' lang='lat' dir='ltr'>amplectenda</span> <span class='ocrx_word' id='word_1_53' title='bbox 817 633 879 666; x_wconf 88' lang='lat' dir='ltr'>est</span> <span class='ocrx_word' id='word_1_54' title='bbox 911 632 951 665; x_wconf 92' lang='lat' dir='ltr'>et</span> <span class='ocrx_word' id='word_1_55' title='bbox 979 624 1254 680; x_wconf 67' lang='lat' dir='ltr'>transpositio</span> <span class='ocrx_word' id='word_1_56' title='bbox 1285 623 1477 665; x_wconf 87' lang='lat' dir='ltr'>Acidalii</span> <span class='ocrx_word' id='word_1_57' title='bbox 1511 631 1551 665; x_wconf 91' lang='lat' dir='ltr'>et</span> <span class='ocrx_word' id='word_1_58' title='bbox 1586 623 1707 665; x_wconf 87' lang='lat' dir='ltr'>Pala-</span> 
     </span>
     <span class='ocr_line' id='line_1_8' title="bbox 74 692 1707 749; baseline 0.001 -16"><span class='ocrx_word' id='word_1_59' title='bbox 74 692 259 734; x_wconf 90' lang='lat' dir='ltr'>tinorum</span> <span class='ocrx_word' id='word_1_60' title='bbox 293 692 488 734; x_wconf 87' lang='lat' dir='ltr'>codicum</span> <span class='ocrx_word' id='word_1_61' title='bbox 519 693 753 748; x_wconf 88' lang='lat' dir='ltr'>scriptura,</span> <span class='ocrx_word' id='word_1_62' title='bbox 794 700 841 735; x_wconf 91' lang='lat' dir='ltr'>ut</span> <span class='ocrx_word' id='word_1_63' title='bbox 879 707 1040 749; x_wconf 88' lang='lat' dir='ltr'>coquus</span> <span class='ocrx_word' id='word_1_64' title='bbox 1078 692 1198 749; x_wconf 87' lang='lat' dir='ltr'>prius</span> <span class='ocrx_word' id='word_1_65' title='bbox 1242 693 1453 744; x_wconf 79' lang='lat' dir='ltr'>„dimissis</span> <span class='ocrx_word' id='word_1_66' title='bbox 1486 692 1707 748; x_wconf 85' lang='lat' dir='ltr'>pedibus“‚</span> 
     </span>
     <span class='ocr_line' id='line_1_9' title="bbox 77 760 1707 818; baseline 0 -16"><span class='ocrx_word' id='word_1_67' title='bbox 77 760 230 802; x_wconf 90' lang='lat' dir='ltr'>deinde</span> <span class='ocrx_word' id='word_1_68' title='bbox 262 775 306 802; x_wconf 88' lang='lat' dir='ltr'>se</span> <span class='ocrx_word' id='word_1_69' title='bbox 330 762 548 816; x_wconf 84' lang='lat' dir='ltr'>corrigens</span> <span class='ocrx_word' id='word_1_70' title='bbox 571 760 824 813; x_wconf 48' lang='lat' dir='ltr'>‚2manibus“</span> <span class='ocrx_word' id='word_1_71' title='bbox 858 761 1040 803; x_wconf 82' lang='lat' dir='ltr'>dixerit‘.</span> <span class='ocrx_word' id='word_1_72' title='bbox 1073 761 1306 802; x_wconf 80' lang='lat' dir='ltr'>rectissime</span> <span class='ocrx_word' id='word_1_73' title='bbox 1329 761 1434 803; x_wconf 87' lang='lat' dir='ltr'>haec</span> <span class='ocrx_word' id='word_1_74' title='bbox 1458 761 1707 818; x_wconf 83' lang='lat' dir='ltr'>Ussingius3</span> 
     </span>
     <span class='ocr_line' id='line_1_10' title="bbox 76 829 1708 885; baseline 0.001 -14"><span class='ocrx_word' id='word_1_75' title='bbox 76 837 116 871; x_wconf 90' lang='lat' dir='ltr'>et</span> <span class='ocrx_word' id='word_1_76' title='bbox 147 839 241 870; x_wconf 89' lang='lat' dir='ltr'>sunt</span> <span class='ocrx_word' id='word_1_77' title='bbox 282 845 351 870; x_wconf 91' lang='lat' dir='ltr'>vv.</span> <span class='ocrx_word' id='word_1_78' title='bbox 385 830 478 872; x_wconf 77' lang='lat'>842.</span> <span class='ocrx_word' id='word_1_79' title='bbox 523 829 604 871; x_wconf 84' lang='lat'>843</span> <span class='ocrx_word' id='word_1_80' title='bbox 644 829 815 870; x_wconf 92' lang='lat' dir='ltr'>tenendi</span> <span class='ocrx_word' id='word_1_81' title='bbox 854 841 1094 884; x_wconf 85' lang='lat' dir='ltr'>propterea,</span> <span class='ocrx_word' id='word_1_82' title='bbox 1137 829 1251 885; x_wconf 86' lang='lat' dir='ltr'>quod</span> <span class='ocrx_word' id='word_1_83' title='bbox 1291 845 1379 870; x_wconf 84' lang='lat' dir='ltr'>eum</span> <span class='ocrx_word' id='word_1_84' title='bbox 1416 831 1577 870; x_wconf 75' lang='lat' dir='ltr'>odorem</span> <span class='ocrx_word' id='word_1_85' title='bbox 1615 829 1708 872; x_wconf 90' lang='lat' dir='ltr'>sub-</span> 
     </span>
     <span class='ocr_line' id='line_1_11' title="bbox 76 896 1708 955; baseline 0 -15"><span class='ocrx_word' id='word_1_86' title='bbox 76 912 258 955; x_wconf 87' lang='lat' dir='ltr'>sequens</span> <span class='ocrx_word' id='word_1_87' title='bbox 291 896 421 938; x_wconf 88' lang='lat' dir='ltr'>verba</span> <span class='ocrx_word' id='word_1_88' title='bbox 454 899 486 938; x_wconf 81' lang='lat' dir='ltr'>is</span> <span class='ocrx_word' id='word_1_89' title='bbox 509 898 602 939; x_wconf 76' lang='lat' dir='ltr'>odos</span> <span class='ocrx_word' id='word_1_90' title='bbox 633 897 995 953; x_wconf 85' lang='lat' dir='ltr'>inelegantissime</span> <span class='ocrx_word' id='word_1_91' title='bbox 1028 897 1189 939; x_wconf 87' lang='lat' dir='ltr'>dictum</span> <span class='ocrx_word' id='word_1_92' title='bbox 1222 906 1345 947; x_wconf 89' lang='lat' dir='ltr'>esset,</span> <span class='ocrx_word' id='word_1_93' title='bbox 1378 905 1526 939; x_wconf 88' lang='lat' dir='ltr'>contra</span> <span class='ocrx_word' id='word_1_94' title='bbox 1559 905 1708 953; x_wconf 87' lang='lat' dir='ltr'>aptum</span> 
     </span>
     <span class='ocr_line' id='line_1_12' title="bbox 76 966 1706 1023; baseline 0 -15"><span class='ocrx_word' id='word_1_95' title='bbox 76 975 202 1021; x_wconf 87' lang='lat' dir='ltr'>atque</span> <span class='ocrx_word' id='word_1_96' title='bbox 245 967 352 1008; x_wconf 86' lang='lat' dir='ltr'>adeo</span> <span class='ocrx_word' id='word_1_97' title='bbox 391 967 680 1008; x_wconf 86' lang='lat' dir='ltr'>necessarium</span> <span class='ocrx_word' id='word_1_98' title='bbox 720 973 803 1016; x_wconf 89' lang='lat' dir='ltr'>est,</span> <span class='ocrx_word' id='word_1_99' title='bbox 852 967 886 1007; x_wconf 90' lang='lat' dir='ltr'>si</span> <span class='ocrx_word' id='word_1_100' title='bbox 924 966 1008 1008; x_wconf 89' lang='lat' dir='ltr'>duo</span> <span class='ocrx_word' id='word_1_101' title='bbox 1047 981 1195 1008; x_wconf 90' lang='lat' dir='ltr'>versus</span> <span class='ocrx_word' id='word_1_102' title='bbox 1234 966 1516 1009; x_wconf 77' lang='lat' dir='ltr'>intercedant.</span> <span class='ocrx_word' id='word_1_103' title='bbox 1563 967 1706 1023; x_wconf 87' lang='lat' dir='ltr'>itaque</span> 
     </span>
     <span class='ocr_line' id='line_1_13' title="bbox 78 1034 1116 1090; baseline -0.001 -14"><span class='ocrx_word' id='word_1_104' title='bbox 78 1034 393 1076; x_wconf 81' lang='lat' dir='ltr'>Ambrosianus</span> <span class='ocrx_word' id='word_1_105' title='bbox 426 1036 771 1076; x_wconf 84' lang='lat' dir='ltr'>retractationem</span> <span class='ocrx_word' id='word_1_106' title='bbox 805 1042 1008 1090; x_wconf 85' lang='lat' dir='ltr'>expertus</span> <span class='ocrx_word' id='word_1_107' title='bbox 1042 1042 1116 1076; x_wconf 91' lang='lat' dir='ltr'>est.</span> 
     </span>
     <span class='ocr_line' id='line_1_14' title="bbox 136 1102 1263 1159; baseline -0.001 -15"><span class='ocrx_word' id='word_1_108' title='bbox 136 1104 282 1144; x_wconf 80' lang='lat' dir='ltr'>Pseud.</span> <span class='ocrx_word' id='word_1_109' title='bbox 315 1103 396 1144; x_wconf 79' lang='lat'>723</span> <span class='ocrx_word' id='word_1_110' title='bbox 428 1104 498 1159; x_wconf 84' lang='lat' dir='ltr'>(cf.</span> <span class='ocrx_word' id='word_1_111' title='bbox 531 1102 730 1145; x_wconf 85' lang='lat' dir='ltr'>Loewius</span> <span class='ocrx_word' id='word_1_112' title='bbox 763 1104 886 1144; x_wconf 80' lang='lat' dir='ltr'>Anal.</span> <span class='ocrx_word' id='word_1_113' title='bbox 918 1104 1055 1144; x_wconf 75' lang='lat' dir='ltr'>Plauc.</span> <span class='ocrx_word' id='word_1_114' title='bbox 1089 1117 1128 1158; x_wconf 90' lang='lat' dir='ltr'>p.</span> <span class='ocrx_word' id='word_1_115' title='bbox 1165 1103 1263 1159; x_wconf 81' lang='grc'><strong>169)</strong></span> 
     </span>
    </p>

    <p class='ocr_par' dir='ltr' id='par_1_2' title="bbox 192 1171 1711 1229">
     <span class='ocr_line' id='line_1_15' title="bbox 192 1171 1711 1229; baseline 0.001 -17"><span class='ocrx_word' id='word_1_116' title='bbox 192 1172 259 1213; x_wconf 91' lang='lat' dir='ltr'>A:</span> <span class='ocrx_word' id='word_1_117' title='bbox 292 1171 472 1228; x_wconf 72' lang='lat' dir='ltr'>Egone?</span> <span class='ocrx_word' id='word_1_118' title='bbox 495 1171 510 1229; x_wconf 79' lang='grc' dir='ltr'>ΙΙ</span> <span class='ocrx_word' id='word_1_119' title='bbox 533 1180 577 1214; x_wconf 92' lang='lat' dir='ltr'>tu</span> <span class='ocrx_word' id='word_1_120' title='bbox 600 1172 693 1213; x_wconf 90' lang='lat' dir='ltr'>istic</span> <span class='ocrx_word' id='word_1_121' title='bbox 717 1172 850 1227; x_wconf 90' lang='lat' dir='ltr'>ipsus,</span> <span class='ocrx_word' id='word_1_122' title='bbox 874 1172 1063 1228; x_wconf 90' lang='lat' dir='ltr'>inquam,</span> <span class='ocrx_word' id='word_1_123' title='bbox 1087 1172 1121 1213; x_wconf 93' lang='lat' dir='ltr'>si</span> <span class='ocrx_word' id='word_1_124' title='bbox 1144 1171 1318 1227; x_wconf 86' lang='lat' dir='ltr'>quidem</span> <span class='ocrx_word' id='word_1_125' title='bbox 1340 1171 1419 1213; x_wconf 90' lang='lat' dir='ltr'>hoc</span> <span class='ocrx_word' id='word_1_126' title='bbox 1443 1171 1557 1213; x_wconf 84' lang='lat' dir='ltr'>vivet</span> <span class='ocrx_word' id='word_1_127' title='bbox 1582 1182 1711 1227; x_wconf 89' lang='lat' dir='ltr'>caput</span> 
     </span>
    </p>

    <p class='ocr_par' dir='ltr' id='par_1_3' title="bbox 77 1240 1712 2529">
     <span class='ocr_line' id='line_1_16' title="bbox 189 1240 1420 1299; baseline 0 -19"><span class='ocrx_word' id='word_1_128' title='bbox 189 1240 246 1281; x_wconf 88' lang='lat' dir='ltr'>P:</span> <span class='ocrx_word' id='word_1_129' title='bbox 280 1240 463 1296; x_wconf 81' lang='lat' dir='ltr'>Egone?</span> <span class='ocrx_word' id='word_1_130' title='bbox 485 1242 502 1299; x_wconf 86' lang='grc' dir='ltr'>ΙΙ</span> <span class='ocrx_word' id='word_1_131' title='bbox 525 1249 624 1283; x_wconf 89' lang='lat' dir='ltr'>tute.</span> <span class='ocrx_word' id='word_1_132' title='bbox 648 1240 665 1298; x_wconf 83' lang='grc' dir='ltr'>ΙΙ</span> <span class='ocrx_word' id='word_1_133' title='bbox 687 1240 861 1299; x_wconf 79' lang='lat' dir='ltr'>ego[n]&#39;?</span> <span class='ocrx_word' id='word_1_134' title='bbox 892 1242 1008 1296; x_wconf 88' lang='lat' dir='ltr'>ipsus</span> <span class='ocrx_word' id='word_1_135' title='bbox 1040 1242 1216 1297; x_wconf 86' lang='lat' dir='ltr'>inquam</span> <span class='ocrx_word' id='word_1_136' title='bbox 1248 1255 1281 1283; x_wconf 91' lang='lat' dir='ltr'>e.</span> <span class='ocrx_word' id='word_1_137' title='bbox 1314 1256 1354 1295; x_wconf 92' lang='lat' dir='ltr'>q.</span> <span class='ocrx_word' id='word_1_138' title='bbox 1388 1255 1420 1281; x_wconf 90' lang='lat' dir='ltr'>s.</span> 
     </span>
     <span class='ocr_line' id='line_1_17' title="bbox 81 1308 1702 1364; baseline -0.001 -14"><span class='ocrx_word' id='word_1_139' title='bbox 81 1308 115 1350; x_wconf 90' lang='lat' dir='ltr'>si</span> <span class='ocrx_word' id='word_1_140' title='bbox 152 1308 194 1349; x_wconf 92' lang='lat' dir='ltr'>in</span> <span class='ocrx_word' id='word_1_141' title='bbox 231 1315 414 1364; x_wconf 90' lang='lat' dir='ltr'>utraque</span> <span class='ocrx_word' id='word_1_142' title='bbox 461 1311 708 1352; x_wconf 88' lang='lat' dir='ltr'>recensione</span> <span class='ocrx_word' id='word_1_143' title='bbox 745 1317 911 1351; x_wconf 86' lang='lat' dir='ltr'>extaret</span> <span class='ocrx_word' id='word_1_144' title='bbox 957 1317 1018 1360; x_wconf 91' lang='lat' dir='ltr'>,tu</span> <span class='ocrx_word' id='word_1_145' title='bbox 1056 1310 1151 1351; x_wconf 90' lang='lat' dir='ltr'>istic</span> <span class='ocrx_word' id='word_1_146' title='bbox 1190 1309 1329 1364; x_wconf 85' lang='lat' dir='ltr'>ipsus,</span> <span class='ocrx_word' id='word_1_147' title='bbox 1377 1308 1568 1362; x_wconf 88' lang='lat' dir='ltr'>inquam‘</span> <span class='ocrx_word' id='word_1_148' title='bbox 1609 1308 1702 1362; x_wconf 82' lang='lat' dir='ltr'>quis</span> 
     </span>
     <span class='ocr_line' id='line_1_18' title="bbox 78 1377 1708 1436; baseline -0.001 -18"><span class='ocrx_word' id='word_1_149' title='bbox 78 1377 274 1420; x_wconf 89' lang='lat' dir='ltr'>dubitare</span> <span class='ocrx_word' id='word_1_150' title='bbox 304 1379 512 1420; x_wconf 79' lang='lat' dir='ltr'>auderet?</span> <span class='ocrx_word' id='word_1_151' title='bbox 544 1390 585 1420; x_wconf 89' lang='lat' dir='ltr'>at</span> <span class='ocrx_word' id='word_1_152' title='bbox 608 1379 808 1436; x_wconf 88' lang='lat' dir='ltr'>quoniam</span> <span class='ocrx_word' id='word_1_153' title='bbox 843 1381 884 1420; x_wconf 88' lang='lat' dir='ltr'>in</span> <span class='ocrx_word' id='word_1_154' title='bbox 918 1379 1052 1420; x_wconf 89' lang='lat' dir='ltr'>altera</span> <span class='ocrx_word' id='word_1_155' title='bbox 1083 1379 1329 1420; x_wconf 85' lang='lat' dir='ltr'>recensione</span> <span class='ocrx_word' id='word_1_156' title='bbox 1352 1377 1471 1418; x_wconf 89' lang='lat' dir='ltr'>aliud</span> <span class='ocrx_word' id='word_1_157' title='bbox 1504 1377 1708 1433; x_wconf 86' lang='lat' dir='ltr'>quiddam</span> 
     </span>
     <span class='ocr_line' id='line_1_19' title="bbox 82 1445 1710 1504; baseline -0.001 -17"><span class='ocrx_word' id='word_1_158' title='bbox 82 1454 165 1496; x_wconf 88' lang='lat' dir='ltr'>est,</span> <span class='ocrx_word' id='word_1_159' title='bbox 200 1462 267 1488; x_wconf 87' lang='lat' dir='ltr'>res</span> <span class='ocrx_word' id='word_1_160' title='bbox 300 1446 465 1488; x_wconf 86' lang='lat' dir='ltr'>arbitrii</span> <span class='ocrx_word' id='word_1_161' title='bbox 490 1449 622 1489; x_wconf 89' lang='lat' dir='ltr'>nostri</span> <span class='ocrx_word' id='word_1_162' title='bbox 645 1457 719 1490; x_wconf 90' lang='lat' dir='ltr'>est.</span> <span class='ocrx_word' id='word_1_163' title='bbox 753 1463 801 1489; x_wconf 89' lang='lat' dir='ltr'>ac</span> <span class='ocrx_word' id='word_1_164' title='bbox 828 1449 1039 1504; x_wconf 86' lang='lat' dir='ltr'>triplicem</span> <span class='ocrx_word' id='word_1_165' title='bbox 1070 1462 1350 1503; x_wconf 87' lang='lat' dir='ltr'>personarum</span> <span class='ocrx_word' id='word_1_166' title='bbox 1383 1445 1659 1487; x_wconf 82' lang='lat' dir='ltr'>mutationem</span> <span class='ocrx_word' id='word_1_167' title='bbox 1689 1460 1710 1486; x_wconf 89' lang='lat' dir='ltr'>e</span> 
     </span>
     <span class='ocr_line' id='line_1_20' title="bbox 77 1514 1710 1573; baseline -0.001 -17"><span class='ocrx_word' id='word_1_168' title='bbox 77 1516 348 1571; x_wconf 85' lang='lat' dir='ltr'>grammatici</span> <span class='ocrx_word' id='word_1_169' title='bbox 388 1516 561 1572; x_wconf 85' lang='lat' dir='ltr'>ingenio</span> <span class='ocrx_word' id='word_1_170' title='bbox 598 1518 834 1573; x_wconf 86' lang='lat' dir='ltr'>profectam</span> <span class='ocrx_word' id='word_1_171' title='bbox 872 1532 964 1559; x_wconf 91' lang='lat' dir='ltr'>esse</span> <span class='ocrx_word' id='word_1_172' title='bbox 995 1532 1120 1558; x_wconf 91' lang='lat' dir='ltr'>nemo</span> <span class='ocrx_word' id='word_1_173' title='bbox 1151 1516 1276 1558; x_wconf 87' lang='lat' dir='ltr'>facile</span> <span class='ocrx_word' id='word_1_174' title='bbox 1318 1514 1568 1567; x_wconf 83' lang='lat' dir='ltr'>contendat,</span> <span class='ocrx_word' id='word_1_175' title='bbox 1614 1528 1710 1555; x_wconf 84' lang='lat' dir='ltr'>cum</span> 
     </span>
     <span class='ocr_line' id='line_1_21' title="bbox 78 1583 1709 1642; baseline -0.001 -17"><span class='ocrx_word' id='word_1_176' title='bbox 78 1599 102 1625; x_wconf 91' lang='lat' dir='ltr'>a</span> <span class='ocrx_word' id='word_1_177' title='bbox 139 1586 518 1640; x_wconf 86' lang='lat' dir='ltr'>grammaticorum</span> <span class='ocrx_word' id='word_1_178' title='bbox 550 1586 713 1627; x_wconf 90' lang='lat' dir='ltr'>ratione</span> <span class='ocrx_word' id='word_1_179' title='bbox 753 1585 997 1642; x_wconf 86' lang='lat' dir='ltr'>corrigendi</span> <span class='ocrx_word' id='word_1_180' title='bbox 1036 1585 1119 1627; x_wconf 89' lang='lat' dir='ltr'>tale</span> <span class='ocrx_word' id='word_1_181' title='bbox 1158 1585 1263 1642; x_wconf 89' lang='lat' dir='ltr'>quid</span> <span class='ocrx_word' id='word_1_182' title='bbox 1303 1583 1610 1625; x_wconf 89' lang='lat' dir='ltr'>alienissimum</span> <span class='ocrx_word' id='word_1_183' title='bbox 1643 1583 1709 1623; x_wconf 89' lang='lat' dir='ltr'>sit.</span> 
     </span>
     <span class='ocr_line' id='line_1_22' title="bbox 78 1651 1711 1710; baseline -0.001 -17"><span class='ocrx_word' id='word_1_184' title='bbox 78 1652 228 1694; x_wconf 85' lang='lat' dir='ltr'>eadem</span> <span class='ocrx_word' id='word_1_185' title='bbox 270 1660 410 1694; x_wconf 86' lang='lat' dir='ltr'>autem</span> <span class='ocrx_word' id='word_1_186' title='bbox 457 1669 586 1710; x_wconf 84' lang='lat' dir='ltr'>quam</span> <span class='ocrx_word' id='word_1_187' title='bbox 625 1663 722 1709; x_wconf 86' lang='lat' dir='ltr'>apte</span> <span class='ocrx_word' id='word_1_188' title='bbox 763 1654 816 1695; x_wconf 92' lang='lat' dir='ltr'>ad</span> <span class='ocrx_word' id='word_1_189' title='bbox 863 1654 1084 1710; x_wconf 79' lang='lat' dir='ltr'>exempla-r</span> <span class='ocrx_word' id='word_1_190' title='bbox 1123 1653 1346 1695; x_wconf 89' lang='lat' dir='ltr'>histricum</span> <span class='ocrx_word' id='word_1_191' title='bbox 1386 1651 1533 1693; x_wconf 90' lang='lat' dir='ltr'>referri</span> <span class='ocrx_word' id='word_1_192' title='bbox 1578 1652 1711 1706; x_wconf 87' lang='lat' dir='ltr'>possit</span> 
     </span>
     <span class='ocr_line' id='line_1_23' title="bbox 78 1720 1711 1777; baseline -0.001 -15"><span class='ocrx_word' id='word_1_193' title='bbox 78 1735 202 1762; x_wconf 91' lang='lat' dir='ltr'>nemo</span> <span class='ocrx_word' id='word_1_194' title='bbox 233 1736 315 1762; x_wconf 91' lang='lat' dir='ltr'>non</span> <span class='ocrx_word' id='word_1_195' title='bbox 349 1721 475 1764; x_wconf 77' lang='lat' dir='ltr'>videt.</span> <span class='ocrx_word' id='word_1_196' title='bbox 508 1722 582 1763; x_wconf 92' lang='lat' dir='ltr'>sed</span> <span class='ocrx_word' id='word_1_197' title='bbox 613 1723 793 1763; x_wconf 86' lang='lat' dir='ltr'>fortasse</span> <span class='ocrx_word' id='word_1_198' title='bbox 826 1721 879 1763; x_wconf 91' lang='lat' dir='ltr'>ab</span> <span class='ocrx_word' id='word_1_199' title='bbox 913 1724 1002 1777; x_wconf 90' lang='lat' dir='ltr'>ipso</span> <span class='ocrx_word' id='word_1_200' title='bbox 1033 1722 1189 1763; x_wconf 84' lang='lat' dir='ltr'>Plauto</span> <span class='ocrx_word' id='word_1_201' title='bbox 1222 1721 1413 1777; x_wconf 87' lang='lat' dir='ltr'>profecta</span> <span class='ocrx_word' id='word_1_202' title='bbox 1443 1726 1519 1762; x_wconf 90' lang='lat' dir='ltr'>est.</span> <span class='ocrx_word' id='word_1_203' title='bbox 1552 1720 1711 1774; x_wconf 91' lang='lat' dir='ltr'>optime</span> 
     </span>
     <span class='ocr_line' id='line_1_24' title="bbox 83 1787 1710 1846; baseline -0.001 -15"><span class='ocrx_word' id='word_1_204' title='bbox 83 1790 196 1832; x_wconf 88' lang='lat' dir='ltr'>enim</span> <span class='ocrx_word' id='word_1_205' title='bbox 219 1789 353 1831; x_wconf 87' lang='lat' dir='ltr'>oratio</span> <span class='ocrx_word' id='word_1_206' title='bbox 376 1789 436 1830; x_wconf 90' lang='lat' dir='ltr'>sic</span> <span class='ocrx_word' id='word_1_207' title='bbox 461 1789 668 1844; x_wconf 87' lang='lat' dir='ltr'>procedit,</span> <span class='ocrx_word' id='word_1_208' title='bbox 692 1797 737 1830; x_wconf 89' lang='lat' dir='ltr'>ut</span> <span class='ocrx_word' id='word_1_209' title='bbox 758 1789 1041 1846; x_wconf 86' lang='lat' dir='ltr'>interroganti</span> <span class='ocrx_word' id='word_1_210' title='bbox 1063 1788 1267 1832; x_wconf 84' lang='lat' dir='ltr'>Calidoro</span> <span class='ocrx_word' id='word_1_211' title='bbox 1290 1787 1436 1844; x_wconf 74' lang='lat' dir='ltr'>eyone?</span> <span class='ocrx_word' id='word_1_212' title='bbox 1467 1787 1710 1830; x_wconf 86' lang='lat' dir='ltr'>Pseudulus</span> 
     </span>
     <span class='ocr_line' id='line_1_25' title="bbox 79 1857 1709 1913; baseline -0.001 -13"><span class='ocrx_word' id='word_1_213' title='bbox 79 1858 184 1900; x_wconf 91' lang='lat' dir='ltr'>nihil</span> <span class='ocrx_word' id='word_1_214' title='bbox 215 1859 295 1900; x_wconf 92' lang='lat' dir='ltr'>nisi</span> <span class='ocrx_word' id='word_1_215' title='bbox 327 1866 405 1899; x_wconf 75' lang='lat' dir='ltr'>tute</span> <span class='ocrx_word' id='word_1_216' title='bbox 437 1857 705 1913; x_wconf 85' lang='lat' dir='ltr'>respondeat,</span> <span class='ocrx_word' id='word_1_217' title='bbox 738 1872 835 1899; x_wconf 89' lang='lat' dir='ltr'>cum</span> <span class='ocrx_word' id='word_1_218' title='bbox 868 1873 968 1900; x_wconf 90' lang='lat' dir='ltr'>vero</span> <span class='ocrx_word' id='word_1_219' title='bbox 1000 1859 1070 1900; x_wconf 92' lang='lat' dir='ltr'>ille</span> <span class='ocrx_word' id='word_1_220' title='bbox 1102 1858 1348 1900; x_wconf 89' lang='lat' dir='ltr'>incredulus</span> <span class='ocrx_word' id='word_1_221' title='bbox 1380 1858 1536 1899; x_wconf 87' lang='lat' dir='ltr'>iterum</span> <span class='ocrx_word' id='word_1_222' title='bbox 1567 1858 1709 1908; x_wconf 88' lang='lat' dir='ltr'>instet,</span> 
     </span>
     <span class='ocr_line' id='line_1_26' title="bbox 79 1926 1712 1982; baseline -0.001 -15"><span class='ocrx_word' id='word_1_223' title='bbox 79 1927 310 1969; x_wconf 89' lang='lat' dir='ltr'>iracundus</span> <span class='ocrx_word' id='word_1_224' title='bbox 346 1927 430 1967; x_wconf 88' lang='lat' dir='ltr'>iam</span> <span class='ocrx_word' id='word_1_225' title='bbox 469 1941 519 1967; x_wconf 86' lang='lat' dir='ltr'>ac</span> <span class='ocrx_word' id='word_1_226' title='bbox 558 1926 788 1968; x_wconf 83' lang='lat' dir='ltr'>vehemens</span> <span class='ocrx_word' id='word_1_227' title='bbox 820 1926 994 1968; x_wconf 88' lang='lat' dir='ltr'>fortiore</span> <span class='ocrx_word' id='word_1_228' title='bbox 1027 1926 1310 1967; x_wconf 87' lang='lat' dir='ltr'>affirmatione</span> <span class='ocrx_word' id='word_1_229' title='bbox 1342 1932 1488 1967; x_wconf 88' lang='lat' dir='ltr'>utatur</span> <span class='ocrx_word' id='word_1_230' title='bbox 1517 1927 1626 1982; x_wconf 76' lang='lat' dir='ltr'>ipsus</span> <span class='ocrx_word' id='word_1_231' title='bbox 1655 1928 1712 1966; x_wconf 80' lang='lat' dir='ltr'>in-</span> 
     </span>
     <span class='ocr_line' id='line_1_27' title="bbox 81 1992 1709 2052; baseline -0.001 -15"><span class='ocrx_word' id='word_1_232' title='bbox 81 2012 213 2052; x_wconf 82' lang='lat' dir='ltr'>quam.</span> <span class='ocrx_word' id='word_1_233' title='bbox 245 1994 360 2050; x_wconf 92' lang='lat' dir='ltr'>quod</span> <span class='ocrx_word' id='word_1_234' title='bbox 391 1994 530 2035; x_wconf 91' lang='lat' dir='ltr'>minus</span> <span class='ocrx_word' id='word_1_235' title='bbox 564 1994 671 2035; x_wconf 91' lang='lat' dir='ltr'>bene</span> <span class='ocrx_word' id='word_1_236' title='bbox 704 2008 747 2034; x_wconf 89' lang='lat' dir='ltr'>se</span> <span class='ocrx_word' id='word_1_237' title='bbox 778 1992 907 2034; x_wconf 88' lang='lat' dir='ltr'>habet</span> <span class='ocrx_word' id='word_1_238' title='bbox 938 1993 982 2033; x_wconf 91' lang='lat' dir='ltr'>in</span> <span class='ocrx_word' id='word_1_239' title='bbox 1013 1993 1070 2043; x_wconf 88' lang='lat' dir='ltr'>A,</span> <span class='ocrx_word' id='word_1_240' title='bbox 1102 1992 1174 2035; x_wconf 91' lang='lat' dir='ltr'>ubi</span> <span class='ocrx_word' id='word_1_241' title='bbox 1207 1993 1532 2047; x_wconf 82' lang='lat' dir='ltr'>interrogationi</span> <span class='ocrx_word' id='word_1_242' title='bbox 1564 1994 1709 2049; x_wconf 73' lang='lat' dir='ltr'>eyone?</span> 
     </span>
     <span class='ocr_line' id='line_1_28' title="bbox 81 2062 1711 2118; baseline -0.002 -12"><span class='ocrx_word' id='word_1_243' title='bbox 81 2066 170 2106; x_wconf 88' lang='lat' dir='ltr'>sine</span> <span class='ocrx_word' id='word_1_244' title='bbox 209 2078 339 2105; x_wconf 88' lang='lat' dir='ltr'>causa</span> <span class='ocrx_word' id='word_1_245' title='bbox 379 2062 749 2104; x_wconf 84' lang='lat' dir='ltr'>vehementissime</span> <span class='ocrx_word' id='word_1_246' title='bbox 785 2062 1066 2117; x_wconf 89' lang='lat' dir='ltr'>respondetur</span> <span class='ocrx_word' id='word_1_247' title='bbox 1104 2070 1146 2102; x_wconf 78' lang='lat' dir='ltr'>tu</span> <span class='ocrx_word' id='word_1_248' title='bbox 1185 2064 1271 2103; x_wconf 48' lang='lat' dir='ltr'>*istic</span> <span class='ocrx_word' id='word_1_249' title='bbox 1306 2064 1414 2118; x_wconf 80' lang='lat' dir='ltr'>ipsus</span> <span class='ocrx_word' id='word_1_250' title='bbox 1446 2064 1624 2118; x_wconf 77' lang='lat' dir='ltr'>inquam.</span> <span class='ocrx_word' id='word_1_251' title='bbox 1670 2071 1711 2103; x_wconf 80' lang='lat' dir='ltr'>tu</span> 
     </span>
     <span class='ocr_line' id='line_1_29' title="bbox 81 2130 1712 2186; baseline -0.001 -12"><span class='ocrx_word' id='word_1_252' title='bbox 81 2135 166 2174; x_wconf 75' lang='lat' dir='ltr'>istic</span> <span class='ocrx_word' id='word_1_253' title='bbox 196 2141 339 2175; x_wconf 86' lang='lat' dir='ltr'>autem</span> <span class='ocrx_word' id='word_1_254' title='bbox 372 2146 456 2173; x_wconf 91' lang='lat' dir='ltr'>non</span> <span class='ocrx_word' id='word_1_255' title='bbox 490 2140 577 2172; x_wconf 89' lang='lat' dir='ltr'>tam</span> <span class='ocrx_word' id='word_1_256' title='bbox 609 2130 827 2186; x_wconf 87' lang='lat' dir='ltr'>singulare</span> <span class='ocrx_word' id='word_1_257' title='bbox 860 2140 944 2180; x_wconf 87' lang='lat' dir='ltr'>est,</span> <span class='ocrx_word' id='word_1_258' title='bbox 984 2140 1030 2172; x_wconf 92' lang='lat' dir='ltr'>ut</span> <span class='ocrx_word' id='word_1_259' title='bbox 1069 2146 1152 2171; x_wconf 88' lang='lat' dir='ltr'>non</span> <span class='ocrx_word' id='word_1_260' title='bbox 1195 2131 1380 2186; x_wconf 87' lang='lat' dir='ltr'>potuerit</span> <span class='ocrx_word' id='word_1_261' title='bbox 1421 2131 1590 2173; x_wconf 86' lang='lat' dir='ltr'>cuidam</span> <span class='ocrx_word' id='word_1_262' title='bbox 1629 2146 1712 2172; x_wconf 90' lang='lat' dir='ltr'>ser-</span> 
     </span>
     <span class='ocr_line' id='line_1_30' title="bbox 82 2198 1709 2257; baseline -0.001 -15"><span class='ocrx_word' id='word_1_263' title='bbox 82 2201 218 2242; x_wconf 88' lang='lat' dir='ltr'>monis</span> <span class='ocrx_word' id='word_1_264' title='bbox 240 2200 389 2242; x_wconf 81' lang='lat' dir='ltr'>comici</span> <span class='ocrx_word' id='word_1_265' title='bbox 422 2200 558 2256; x_wconf 89' lang='lat' dir='ltr'>perito</span> <span class='ocrx_word' id='word_1_266' title='bbox 589 2199 631 2239; x_wconf 93' lang='lat' dir='ltr'>in</span> <span class='ocrx_word' id='word_1_267' title='bbox 663 2207 847 2240; x_wconf 86' lang='lat' dir='ltr'>mentem</span> <span class='ocrx_word' id='word_1_268' title='bbox 882 2199 1039 2240; x_wconf 81' lang='lat' dir='ltr'>venire.</span> <span class='ocrx_word' id='word_1_269' title='bbox 1075 2198 1305 2255; x_wconf 85' lang='lat' dir='ltr'>Ussingius</span> <span class='ocrx_word' id='word_1_270' title='bbox 1338 2199 1450 2240; x_wconf 90' lang='lat' dir='ltr'>enim</span> <span class='ocrx_word' id='word_1_271' title='bbox 1482 2200 1537 2241; x_wconf 86' lang='lat' dir='ltr'>ad</span> <span class='ocrx_word' id='word_1_272' title='bbox 1560 2201 1709 2257; x_wconf 79' lang='lat' dir='ltr'>Amph.</span> 
     </span>
     <span class='ocr_line' id='line_1_31' title="bbox 81 2266 1712 2324; baseline -0.001 -13"><span class='ocrx_word' id='word_1_273' title='bbox 81 2269 164 2311; x_wconf 80' lang='grc'>362</span> <span class='ocrx_word' id='word_1_274' title='bbox 196 2269 299 2310; x_wconf 86' lang='lat' dir='ltr'>citat</span> <span class='ocrx_word' id='word_1_275' title='bbox 330 2269 479 2324; x_wconf 79' lang='lat' dir='ltr'>Amph.</span> <span class='ocrx_word' id='word_1_276' title='bbox 500 2267 583 2308; x_wconf 86' lang='grc'>366</span> <span class='ocrx_word' id='word_1_277' title='bbox 616 2266 739 2310; x_wconf 84' lang='lat' dir='ltr'>G.-L.</span> <span class='ocrx_word' id='word_1_278' title='bbox 772 2267 855 2308; x_wconf 76' lang='lat'>575</span> <span class='ocrx_word' id='word_1_279' title='bbox 886 2269 948 2323; x_wconf 77' lang='lat' dir='ltr'>(tu</span> <span class='ocrx_word' id='word_1_280' title='bbox 979 2267 1082 2322; x_wconf 76' lang='lat' dir='ltr'>istic)</span> <span class='ocrx_word' id='word_1_281' title='bbox 1107 2267 1186 2308; x_wconf 87' lang='lat'>747</span> <span class='ocrx_word' id='word_1_282' title='bbox 1219 2269 1318 2322; x_wconf 74' lang='lat' dir='ltr'>(tute</span> <span class='ocrx_word' id='word_1_283' title='bbox 1349 2268 1453 2322; x_wconf 66' lang='lat' dir='ltr'>istic)</span> <span class='ocrx_word' id='word_1_284' title='bbox 1485 2269 1593 2309; x_wconf 84' lang='lat' dir='ltr'>Men.</span> <span class='ocrx_word' id='word_1_285' title='bbox 1616 2268 1712 2309; x_wconf 78' lang='lat'>651.</span> 
     </span>
     <span class='ocr_line' id='line_1_32' title="bbox 82 2335 1712 2392; baseline -0.001 -13"><span class='ocrx_word' id='word_1_286' title='bbox 82 2337 164 2379; x_wconf 70' lang='grc'>653</span> <span class='ocrx_word' id='word_1_287' title='bbox 195 2345 238 2378; x_wconf 73' lang='lat' dir='ltr'>tu</span> <span class='ocrx_word' id='word_1_288' title='bbox 268 2339 354 2377; x_wconf 77' lang='lat' dir='ltr'>istic</span> <span class='ocrx_word' id='word_1_289' title='bbox 383 2338 561 2391; x_wconf 78' lang='lat' dir='ltr'>inquam,</span> <span class='ocrx_word' id='word_1_290' title='bbox 603 2335 684 2376; x_wconf 85' lang='lat'>937</span> <span class='ocrx_word' id='word_1_291' title='bbox 717 2343 770 2383; x_wconf 78' lang='lat' dir='ltr'>tu,</span> <span class='ocrx_word' id='word_1_292' title='bbox 803 2343 845 2376; x_wconf 75' lang='lat' dir='ltr'>tu</span> <span class='ocrx_word' id='word_1_293' title='bbox 874 2338 972 2389; x_wconf 59' lang='lat' dir='ltr'>istie,</span> <span class='ocrx_word' id='word_1_294' title='bbox 1013 2337 1136 2376; x_wconf 58' lang='lat' dir='ltr'>inere.</span> <span class='ocrx_word' id='word_1_295' title='bbox 1170 2335 1252 2376; x_wconf 76' lang='lat'>759</span> <span class='ocrx_word' id='word_1_296' title='bbox 1283 2343 1325 2376; x_wconf 77' lang='lat' dir='ltr'>tu</span> <span class='ocrx_word' id='word_1_297' title='bbox 1355 2337 1441 2376; x_wconf 73' lang='lat' dir='ltr'>istic</span> <span class='ocrx_word' id='word_1_298' title='bbox 1471 2338 1590 2392; x_wconf 77' lang='lat' dir='ltr'>ipsus.</span> <span class='ocrx_word' id='word_1_299' title='bbox 1638 2336 1712 2377; x_wconf 92' lang='lat' dir='ltr'>sed</span> 
     </span>
     <span class='ocr_line' id='line_1_33' title="bbox 82 2403 1712 2460; baseline -0.001 -13"><span class='ocrx_word' id='word_1_300' title='bbox 82 2415 178 2453; x_wconf 82' lang='lat' dir='ltr'>utra</span> <span class='ocrx_word' id='word_1_301' title='bbox 209 2405 419 2460; x_wconf 86' lang='lat' dir='ltr'>scriptura</span> <span class='ocrx_word' id='word_1_302' title='bbox 451 2403 653 2445; x_wconf 89' lang='lat' dir='ltr'>Plautina</span> <span class='ocrx_word' id='word_1_303' title='bbox 685 2403 756 2453; x_wconf 89' lang='lat' dir='ltr'>sit,</span> <span class='ocrx_word' id='word_1_304' title='bbox 798 2404 867 2445; x_wconf 89' lang='lat' dir='ltr'>hic</span> <span class='ocrx_word' id='word_1_305' title='bbox 903 2419 985 2445; x_wconf 90' lang='lat' dir='ltr'>non</span> <span class='ocrx_word' id='word_1_306' title='bbox 1019 2405 1125 2445; x_wconf 90' lang='lat' dir='ltr'>tanti</span> <span class='ocrx_word' id='word_1_307' title='bbox 1156 2412 1219 2445; x_wconf 89' lang='lat' dir='ltr'>est</span> <span class='ocrx_word' id='word_1_308' title='bbox 1250 2405 1453 2446; x_wconf 87' lang='lat' dir='ltr'>momenti</span> <span class='ocrx_word' id='word_1_309' title='bbox 1486 2405 1635 2459; x_wconf 88' lang='lat' dir='ltr'>quanti</span> <span class='ocrx_word' id='word_1_310' title='bbox 1666 2413 1712 2446; x_wconf 90' lang='lat' dir='ltr'>ut</span> 
     </span>
     <span class='ocr_line' id='line_1_34' title="bbox 83 2472 1654 2529; baseline -0.001 -13"><span class='ocrx_word' id='word_1_311' title='bbox 83 2473 373 2516; x_wconf 87' lang='lat' dir='ltr'>diversitatem</span> <span class='ocrx_word' id='word_1_312' title='bbox 406 2487 458 2513; x_wconf 80' lang='lat' dir='ltr'>ex</span> <span class='ocrx_word' id='word_1_313' title='bbox 490 2472 687 2513; x_wconf 88' lang='lat' dir='ltr'>scaenica</span> <span class='ocrx_word' id='word_1_314' title='bbox 719 2473 965 2514; x_wconf 88' lang='lat' dir='ltr'>recensione</span> <span class='ocrx_word' id='word_1_315' title='bbox 997 2473 1276 2529; x_wconf 87' lang='lat' dir='ltr'>repetendam</span> <span class='ocrx_word' id='word_1_316' title='bbox 1308 2489 1400 2515; x_wconf 91' lang='lat' dir='ltr'>esse</span> <span class='ocrx_word' id='word_1_317' title='bbox 1432 2481 1654 2515; x_wconf 88' lang='lat' dir='ltr'>statuatur.</span> 
     </span>
    </p>

    <p class='ocr_par' dir='ltr' id='par_1_4' title="bbox 88 2540 1709 2666">
     <span class='ocr_line' id='line_1_35' title="bbox 196 2540 1709 2596; baseline -0.002 -12"><span class='ocrx_word' id='word_1_318' title='bbox 196 2542 326 2585; x_wconf 86' lang='lat' dir='ltr'>Casui</span> <span class='ocrx_word' id='word_1_319' title='bbox 350 2543 528 2583; x_wconf 87' lang='lat' dir='ltr'>fortasse</span> <span class='ocrx_word' id='word_1_320' title='bbox 560 2556 643 2581; x_wconf 92' lang='lat' dir='ltr'>non</span> <span class='ocrx_word' id='word_1_321' title='bbox 675 2540 850 2582; x_wconf 88' lang='lat' dir='ltr'>consilio</span> <span class='ocrx_word' id='word_1_322' title='bbox 874 2540 1145 2584; x_wconf 87' lang='lat' dir='ltr'>tribuendum</span> <span class='ocrx_word' id='word_1_323' title='bbox 1180 2549 1240 2583; x_wconf 89' lang='lat' dir='ltr'>est</span> <span class='ocrx_word' id='word_1_324' title='bbox 1279 2541 1394 2596; x_wconf 91' lang='lat' dir='ltr'>quod</span> <span class='ocrx_word' id='word_1_325' title='bbox 1417 2542 1563 2584; x_wconf 73' lang='lat' dir='ltr'>Pseud.</span> <span class='ocrx_word' id='word_1_326' title='bbox 1590 2541 1709 2590; x_wconf 86' lang='lat'>1010,</span> 
     </span>
     <span class='ocr_line' id='line_1_36' title="bbox 88 2603 1559 2666; baseline -0.003 -12"><span class='ocrx_word' id='word_1_327' title='bbox 88 2626 213 2666; x_wconf 89' lang='lat' dir='ltr'>quem</span> <span class='ocrx_word' id='word_1_328' title='bbox 247 2625 417 2652; x_wconf 84' lang='lat' dir='ltr'>versum</span> <span class='ocrx_word' id='word_1_329' title='bbox 450 2609 703 2663; x_wconf 87' lang='lat' dir='ltr'>Ussingium</span> <span class='ocrx_word' id='word_1_330' title='bbox 736 2616 907 2651; x_wconf 88' lang='lat' dir='ltr'>secutus</span> <span class='ocrx_word' id='word_1_331' title='bbox 939 2610 1011 2665; x_wconf 87' lang='lat' dir='ltr'>(cf.</span> <span class='ocrx_word' id='word_1_332' title='bbox 1045 2610 1142 2654; x_wconf 83' lang='lat' dir='ltr'>adn,</span> <span class='ocrx_word' id='word_1_333' title='bbox 1174 2610 1229 2651; x_wconf 88' lang='lat' dir='ltr'>ad</span> <span class='ocrx_word' id='word_1_334' title='bbox 1261 2603 1319 2666; x_wconf 61' lang='lat' dir='ltr'>xi.)</span> <span class='ocrx_word' id='word_1_335' title='bbox 1352 2610 1411 2651; x_wconf 91' lang='lat' dir='ltr'>sic</span> <span class='ocrx_word' id='word_1_336' title='bbox 1442 2610 1559 2666; x_wconf 91' lang='lat' dir='ltr'>lego:</span> 
     </span>
    </p>
   </div>
   <div class='ocr_carea' id='block_1_2' title="bbox 112 2750 352 2755">
    <p class='ocr_par' dir='ltr' id='par_1_5' title="bbox 112 2750 352 2755">
     <span class='ocr_line' id='line_1_37' title="bbox 112 2750 352 2755; baseline 0 0"><span class='ocrx_word' id='word_1_337' title='bbox 112 2750 352 2755; x_wconf 95' lang='lat' dir='ltr'> </span> 
     </span>
    </p>
   </div>
   <div class='ocr_carea' id='block_1_3' title="bbox 85 2836 1713 2996">
    <p class='ocr_par' dir='ltr' id='par_1_6' title="bbox 85 2836 1713 2996">
     <span class='ocr_line' id='line_1_38' title="bbox 86 2836 1709 2884; baseline -0.001 -11"><span class='ocrx_word' id='word_1_338' title='bbox 86 2851 119 2873; x_wconf 81' lang='lat' dir='ltr'>v.</span> <span class='ocrx_word' id='word_1_339' title='bbox 152 2838 268 2873; x_wconf 86' lang='lat' dir='ltr'>Arist.</span> <span class='ocrx_word' id='word_1_340' title='bbox 299 2839 413 2884; x_wconf 83' lang='lat' dir='ltr'>probl.</span> <span class='ocrx_word' id='word_1_341' title='bbox 445 2839 476 2878; x_wconf 82' lang='lat'>5,</span> <span class='ocrx_word' id='word_1_342' title='bbox 507 2838 538 2871; x_wconf 78' lang='lat'>8.</span> <span class='ocrx_word' id='word_1_343' title='bbox 571 2836 752 2882; x_wconf 84' lang='lat' dir='ltr'>Theophr.</span> <span class='ocrx_word' id='word_1_344' title='bbox 788 2839 883 2873; x_wconf 72' lang='lat' dir='ltr'>char.</span> <span class='ocrx_word' id='word_1_345' title='bbox 915 2838 936 2872; x_wconf 85' lang='lat'><strong>3</strong></span> <span class='ocrx_word' id='word_1_346' title='bbox 966 2842 1069 2881; x_wconf 71' lang='lat' dir='ltr'>extr⁴⁷</span> <span class='ocrx_word' id='word_1_347' title='bbox 1103 2838 1125 2874; x_wconf 91' lang='lat' dir='ltr'>i.</span> <span class='ocrx_word' id='word_1_348' title='bbox 1152 2851 1180 2874; x_wconf 91' lang='lat' dir='ltr'>e.</span> <span class='ocrx_word' id='word_1_349' title='bbox 1213 2838 1276 2884; x_wconf 85' lang='lat' dir='ltr'>qui</span> <span class='ocrx_word' id='word_1_350' title='bbox 1307 2849 1436 2873; x_wconf 86' lang='lat' dir='ltr'>manus</span> <span class='ocrx_word' id='word_1_351' title='bbox 1461 2838 1500 2872; x_wconf 89' lang='lat' dir='ltr'>in</span> <span class='ocrx_word' id='word_1_352' title='bbox 1525 2836 1709 2872; x_wconf 86' lang='lat' dir='ltr'>diversam</span> 
     </span>
     <span class='ocr_line' id='line_1_39' title="bbox 85 2894 1713 2941; baseline -0.001 -12"><span class='ocrx_word' id='word_1_353' title='bbox 85 2899 230 2940; x_wconf 82' lang='lat' dir='ltr'>partem</span> <span class='ocrx_word' id='word_1_354' title='bbox 255 2897 390 2936; x_wconf 88' lang='lat' dir='ltr'>movet,</span> <span class='ocrx_word' id='word_1_355' title='bbox 425 2897 465 2928; x_wconf 89' lang='lat' dir='ltr'>ut</span> <span class='ocrx_word' id='word_1_356' title='bbox 496 2895 613 2928; x_wconf 89' lang='lat' dir='ltr'>altera</span> <span class='ocrx_word' id='word_1_357' title='bbox 638 2898 724 2929; x_wconf 89' lang='lat' dir='ltr'>ante</span> <span class='ocrx_word' id='word_1_358' title='bbox 749 2907 881 2939; x_wconf 89' lang='lat' dir='ltr'>corpus</span> <span class='ocrx_word' id='word_1_359' title='bbox 905 2896 1138 2941; x_wconf 73' lang='lat' dir='ltr'>porrigatur,</span> <span class='ocrx_word' id='word_1_360' title='bbox 1164 2897 1280 2931; x_wconf 86' lang='lat' dir='ltr'>altera</span> <span class='ocrx_word' id='word_1_361' title='bbox 1306 2898 1408 2940; x_wconf 76' lang='lat' dir='ltr'>post,</span> <span class='ocrx_word' id='word_1_362' title='bbox 1432 2897 1474 2929; x_wconf 94' lang='lat' dir='ltr'>ut</span> <span class='ocrx_word' id='word_1_363' title='bbox 1498 2894 1539 2928; x_wconf 86' lang='lat' dir='ltr'>fit</span> <span class='ocrx_word' id='word_1_364' title='bbox 1565 2895 1602 2927; x_wconf 86' lang='lat' dir='ltr'>in</span> <span class='ocrx_word' id='word_1_365' title='bbox 1629 2905 1713 2927; x_wconf 90' lang='lat' dir='ltr'>con-</span> 
     </span>
     <span class='ocr_line' id='line_1_40' title="bbox 86 2951 1605 2996; baseline -0.001 -10"><span class='ocrx_word' id='word_1_366' title='bbox 86 2952 253 2987; x_wconf 78' lang='lat' dir='ltr'>tentione</span> <span class='ocrx_word' id='word_1_367' title='bbox 279 2963 416 2986; x_wconf 85' lang='lat' dir='ltr'>cursus.</span> <span class='ocrx_word' id='word_1_368' title='bbox 442 2952 480 2985; x_wconf 89' lang='lat' dir='ltr'>in</span> <span class='ocrx_word' id='word_1_369' title='bbox 507 2951 664 2986; x_wconf 82' lang='lat' dir='ltr'>vasculis</span> <span class='ocrx_word' id='word_1_370' title='bbox 689 2952 852 2996; x_wconf 89' lang='lat' dir='ltr'>antiquis</span> <span class='ocrx_word' id='word_1_371' title='bbox 878 2963 986 2996; x_wconf 88' lang='lat' dir='ltr'>saepe</span> <span class='ocrx_word' id='word_1_372' title='bbox 1010 2954 1062 2987; x_wconf 89' lang='lat' dir='ltr'>sic</span> <span class='ocrx_word' id='word_1_373' title='bbox 1087 2956 1278 2987; x_wconf 83' lang='lat' dir='ltr'>currentes</span> <span class='ocrx_word' id='word_1_374' title='bbox 1304 2952 1605 2996; x_wconf 63' lang='lat' dir='ltr'>conspiciuntur.</span> 
     </span>
    </p>
   </div>
  </div>
 </body>
</html>
