2020 3278
862 144 917 186 99

71 285 115 325 in
139 283 357 325 codicibus
376 288 578 323 exaratae
597 290 708 330 sunt,
732 298 815 323 non
840 290 999 324 certam
1029 281 1244 323 scribendi
1268 296 1461 322 normam
1480 281 1699 323 novissimi

72 352 255 394 editores
294 351 428 392 secuti
472 358 582 392 sunt.
624 366 723 392 narn
765 350 1023 392 Ritschelius
1062 350 1105 390 in
1154 350 1261 390 Triu.
1294 351 1347 392 37
1390 365 1445 391 ex
1475 348 1518 390 A
1552 352 1700 391 odiosse

71 419 221 475 (odiose
256 418 332 473 P),
381 419 487 460 1077
531 433 583 459 ex
618 418 652 459 B
693 420 827 459 otiosse
864 420 1000 473 (otiose
1038 417 1214 470 ACD),
1260 419 1337 460 181
1371 433 1423 460 ex
1462 419 1505 460 A
1542 435 1703 460 ussurae

72 488 233 542 (usurae
268 486 324 542 P)
356 495 589 542 receperat,
633 501 770 540 neque
810 486 933 528 aliter
966 487 1170 528 Goetzius
1208 487 1251 528 in
1291 488 1416 543 Epid.
1449 486 1532 528 695
1573 502 1623 528 ex
1665 487 1702 528 B

72 557 323 597 obnooeiossae
363 556 436 611 (de
468 557 510 596 A
543 570 625 596 non
667 556 874 611 constat),
915 554 996 595 712
1028 569 1081 595 ex
1112 554 1200 596 BJ
1231 557 1326 596 visse
1365 555 1437 610 (de
1468 554 1511 596 A
1549 569 1601 596 ne
1632 555 1701 596 hic

72 624 245 681 quidem
263 624 493 680 quicquam
513 630 671 675 notum,
692 624 765 664 sed
784 624 930 666 Pseud.
956 622 1059 664 1063
1075 625 1174 664 visso
1191 623 1247 674 A,
1270 625 1350 664 viso
1365 623 1421 671 P)
1444 623 1697 678 adsumpsit,

70 693 115 734 in
159 693 271 734 Truc.
315 693 393 735 198
435 707 535 734 vcro
577 691 815 734 Schoellius
846 694 963 739 visse,
1010 692 1125 745 quod
1163 692 1205 732 in
1246 691 1283 733 P
1315 699 1397 741 est,
1447 698 1700 748 aspernatus

71 761 203 802 edidit
238 762 326 803 vise.
396 761 550 802 deinde
596 761 749 802 iterum
796 760 998 802 Goetzius
1047 761 1170 801 Mero.
1202 760 1286 802 310
1330 775 1427 802 cum
1467 763 1505 801 A
1544 776 1703 801 nassum

71 830 231 884 (nasum
270 829 339 885 P),
388 829 472 870 518
510 844 621 869 ussus
656 829 766 885 (usus
802 828 869 884 P),
920 829 999 870 781
1041 845 1156 869 vassa
1193 830 1307 883 (vasa
1346 830 1418 885 P),
1465 830 1587 871 Poen.
1620 829 1704 870 459

69 913 259 953 paussam
290 898 482 953 (pausam
513 896 568 953 P)
601 897 754 947 edidit,
793 897 906 938 idem
939 906 1079 939 tamen
1109 896 1271 953 ubique
1305 913 1425 938 causa
1456 898 1525 939 vel
1556 897 1703 938 invitis

71 966 191 1008 libris
213 966 416 1014 scribens,
441 980 567 1022 quem
586 972 733 1007 contra
755 982 894 1006 caussa
914 967 1185 1007 commendat
1204 966 1402 1007 Loewius
1420 967 1541 1008 Anac.
1562 967 1701 1012 Plaut,

71 1051 113 1092 p.
141 1037 241 1085 1563
275 1037 326 1079 cf.
358 1036 481 1076 Alere.
507 1035 603 1078 400.
625 1035 722 1077 537.
748 1034 871 1075 Stich.
895 1035 991 1076 363.
1023 1035 1144 1076 Poen.
1168 1034 1251 1077 906
1275 1051 1414 1076 caussa
1431 1035 1488 1084 A,
1511 1050 1632 1075 causa
1648 1034 1698 1084 P,

71 1103 289 1147 Goetzius.
318 1119 394 1145 nec
419 1103 555 1160 magis
578 1103 658 1144 sibi
692 1103 881 1144 constitit
905 1103 948 1143 in
971 1103 1193 1144 adiectivis
1216 1103 1260 1143 in
1282 1118 1369 1144 osus
1392 1102 1698 1153 desinentibus3

71 1188 170 1214 nam
203 1187 299 1214 cum
336 1172 379 1213 in
413 1173 538 1228 Epid.
570 1171 653 1214 695
683 1172 937 1212 obnomiossae
976 1171 1197 1227 probasset
1229 1180 1269 1212 et
1300 1172 1429 1213 etiam
1462 1173 1587 1213 Mero.
1620 1171 1702 1214 507

73 1242 278 1283 laboriossi
306 1255 360 1282 ex
392 1242 429 1282 A
470 1241 682 1297 (laboriose
712 1240 767 1296 P)
800 1241 962 1289 ederet,
1004 1240 1046 1281 in
1080 1240 1213 1282 Sticho
1244 1241 1391 1282 formis
1430 1242 1702 1296 neqotiossam,

70 1312 284 1358 radiossus,
318 1324 579 1366 quamquam
611 1309 654 1350 in
688 1310 727 1350 A
758 1309 960 1364 leguntur
993 1325 1060 1351 vv.
1093 1308 1189 1351 356.
1215 1308 1298 1350 365
1331 1317 1459 1365 atque
1483 1325 1506 1350 a
1531 1309 1703 1351 Loewio

72 1379 198 1420 Anal.
231 1379 367 1420 Plaut.
399 1393 440 1433 p.
464 1378 544 1420 178
577 1377 940 1431 commendantur,
975 1384 1016 1418 et
1037 1379 1234 1433 yloriosse,
1268 1378 1383 1432 quod
1415 1378 1458 1418 in
1483 1378 1521 1419 Β
1547 1378 1704 1433 legitur

73 1463 112 1488 v.
145 1448 241 1498 277,
270 1448 411 1488 locum
448 1461 532 1488 non
564 1447 786 1489 concessit.
848 1446 951 1487 talia
994 1461 1093 1487 vero
1132 1448 1166 1487 si
1199 1461 1252 1487 ex
1285 1447 1562 1488 librariorum
1595 1447 1704 1488 arbi-

73 1516 154 1558 trio
183 1516 370 1571 pendere
401 1515 545 1565 duxit,
586 1530 661 1556 cur
692 1515 732 1555 in
767 1514 917 1555 eadem
948 1514 1094 1556 fabula
1132 1517 1297 1556 essurire
1328 1530 1424 1557 cum
1457 1516 1501 1557 A
1534 1531 1572 1561 v,
1607 1515 1702 1558 180.

72 1584 167 1628 345.
198 1584 282 1626 504
327 1584 452 1625 edere
490 1583 662 1633 maluit,
712 1597 841 1637 quam
880 1583 1100 1625 Palatinos
1143 1584 1286 1640 sequi,
1326 1600 1380 1626 ex
1412 1584 1567 1640 quibus
1599 1600 1705 1626 esum

71 1661 218 1695 contra
241 1652 373 1694 Nonii
404 1652 692 1693 testimonium
724 1653 1108 1707 &emittar-essum)
1146 1652 1258 1695 Cure.
1290 1653 1372 1694 225
1407 1653 1600 1708 recepit?

186 1721 340 1778 Itaque
372 1722 425 1762 ad
458 1721 568 1762 hanc
601 1721 894 1777 quaestionem
936 1720 1186 1762 solvendam
1227 1735 1309 1761 non
1347 1721 1529 1763 multum
1561 1721 1705 1763 valent

73 1792 369 1832 recensionum
402 1789 685 1842 differentiae3
725 1803 863 1843 neque
889 1788 926 1829 P
957 1796 1105 1829 carent
1136 1788 1357 1844 scripturis
1380 1805 1506 1837 vassa,
1531 1806 1702 1838 nassum,

42 1857 204 1899 'ussust
256 1859 364 1899 splen.
407 1858 515 1899 1035
562 1873 674 1898 vassa
702 1857 752 1900 B.
820 1858 928 1898 splen.
970 1857 1053 1899 986
1109 1859 1152 1898 in
1191 1859 1329 1898 vassed
1366 1857 1471 1899 latet
1507 1874 1622 1900 vassa
1659 1867 1704 1902 et.

73 1927 182 1970 Men.
224 1928 303 1969 195
358 1942 518 1966 nassum
550 1925 630 1967 OD
645 1927 673 1968 ¹.
750 1926 861 1966 Pers.
893 1925 976 1967 563
1021 1941 1112 1966 ussu
1159 1933 1320 1967 teme:
1345 1935 1490 1977 ussust,
1528 1943 1609 1969 eme
1652 1927 1705 1969 B.

74 1995 220 2037 Pseud.
243 1994 325 2036 306
348 1997 472 2035 iustus
493 1994 856 2036 fortasse=ussui.
905 1994 1014 2035 1129
1035 1995 1255 2050 improbius
1275 1997 1353 2036 uis-i
1381 1997 1707 2052 szmt=improbi

75 2065 182 2104 ussui
210 2071 310 2105 sum.
371 2078 424 2104 ex
458 2065 494 2104 A
528 2070 750 2118 praeterea
780 2062 912 2103 affero
944 2063 1062 2103 Most.
1087 2063 1169 2104 713
1201 2065 1349 2105 incuses
1379 2063 1428 2114 P,
1460 2066 1627 2106 incusses
1648 2066 1704 2115 A,

75 2132 189 2186 quod
222 2146 371 2173 vereor
412 2146 463 2172 ne
496 2130 660 2172 scribae
700 2131 927 2181 debeatur3
967 2132 1019 2172 cf.
1052 2132 1148 2172 Aul.
1182 2132 1266 2175 550
1304 2148 1500 2174 aecussem
1531 2133 1582 2183 B,
1621 2148 1704 2174 non

75 2199 300 2257 probatum
331 2199 531 2253 Goetzio3
572 2200 683 2243 Tow
710 2200 789 2240 146
813 2202 993 2240 incusant
1014 2200 1063 2250 Ρ,
1094 2202 1292 2241 incussam
1314 2200 1363 2242 L.
1424 2203 1570 2244 Pseud.
1596 2202 1704 2244 1317

76 2275 118 2311 et
158 2269 248 2309 Vid.
283 2268 304 2309 I
339 2269 375 2318 1,
408 2269 465 2309 :22
503 2283 665 2323 quaesso
695 2269 758 2318 A,
802 2268 877 2309 sed
912 2269 1026 2310 idem
1065 2269 1226 2310 viciens
1260 2269 1323 2311 bis
1362 2285 1506 2325 quaeso
1537 2270 1705 2327 (Stude-

76 2337 263 2379 mundus
302 2336 328 2376 l.
359 2351 393 2380 c.
426 2352 466 2392 p.
498 2337 587 2390 47).
647 2337 766 2377 Most.
801 2336 882 2377 786
923 2339 1105 2377 misseras
1135 2337 1192 2390 A,
1224 2339 1390 2378 miseras
1419 2338 1469 2380 P.
1538 2339 1702 2380 incerta

76 2414 139 2448 est
168 2405 449 2447 Ambrosiani
480 2405 692 2460 scriptura
726 2403 849 2445 Stich.
881 2404 977 2454 334,
1010 2404 1081 2446 ubi
1114 2414 1186 2446 aut
1210 2408 1454 2462 propudiose
1485 2422 1581 2449 cum
1614 2422 1705 2464 per-

75 2489 202 2517 sonae
234 2475 385 2529 spatio,
418 2482 490 2516 aut
514 2474 777 2529 propudiosse
815 2473 904 2514 sine
937 2473 1008 2513 illo
1041 2473 1246 2528 scriptum
1277 2475 1376 2524 fuit,
1419 2482 1461 2517 et
1498 2475 1591 2518 Gist.
1623 2476 1704 2531 frg.

75 2543 120 2585 in
141 2543 185 2584 A
215 2557 257 2598 p.
279 2542 376 2592 311,
408 2543 433 2584 6
465 2545 823 2598 o[pe]r[os]sa[m].
884 2557 938 2584 ex
959 2542 996 2583 P
1027 2543 1139 2584 addo
1160 2543 1272 2584 Pers.
1294 2543 1380 2584 480
1400 2552 1627 2585 trasennam
1648 2545 1705 2594 A,

76 2620 322 2652 trassemzam
351 2610 402 2654 Β.

191 2679 291 2720 Non
314 2678 436 2720 aliter
467 2693 533 2719 res
565 2693 609 2719 se
631 2678 760 2719 habet
792 2678 833 2718 in
865 2679 1012 2720 formis
1033 2696 1159 2728 rusus,
1182 2696 1330 2728 rursus,
1352 2696 1501 2729 rusum,
1533 2696 1703 2728 mersum,

76 2763 253 2788 russum:
297 2747 443 2789 Pseud.
474 2746 555 2788 871
597 2762 733 2787 rursus
773 2748 835 2797 A,
877 2763 1036 2788 rursum
1081 2748 1117 2789 Ρ
1156 2763 1252 2790 cum
1293 2748 1430 2798 hiatu3
1484 2749 1590 2789 Trin.
1626 2748 1705 2789 182

76 2832 235 2856 rursum
250 2813 307 2865 A,
333 2831 487 2855 russum
511 2814 569 2863 P3
608 2815 719 2855 Trua
741 2815 818 2855 111
845 2831 1004 2856 marsum
1030 2816 1164 2866 AOD,
1189 2822 1284 2857 νἰιδῖι
1309 2816 1364 2870 B,
1398 2817 1488 2857 Mil.
1505 2818 1604 2872 ylor.
1622 2816 1705 2859 592

76 2899 214 2925 rusum
242 2883 299 2933 A,
340 2899 476 2924 rursus
502 2882 560 2932 P3
599 2884 722 2926 [Uere.
745 2884 810 2926 68.
843 2884 938 2926 296.
976 2885 1087 2928 Pers.
1109 2884 1194 2925 810
1222 2900 1359 2925 rusum
1390 2883 1440 2925 B.
1472 2884 1598 2940 Epid.
1621 2884 1705 2926 582

73 2968 215 3009 prosus
238 2953 291 3003 A,
319 2967 481 3008 prosum
515 2951 571 3005 P3
611 2952 751 2994 Pseud.
777 2953 859 2993 955
885 2968 1028 3008 prosus
1049 2955 1100 3006 A,
1120 2968 1285 3009 prorsus
1305 2951 1365 3001 P3
1396 2952 1472 2992 sed
1500 2967 1640 3007 prosus
1668 2952 1705 2994 B

1446 3031 1485 3068 ⁴ss
