2020 3278
818 223 823 225 .
842 162 893 202 61

176 300 283 340 Trin.
319 298 428 339 1054

116 367 168 408 P:
201 367 297 408 Hoc
348 366 420 422 qui
471 366 514 406 in
560 374 743 407 mentem
784 365 947 406 venerit
996 364 1083 407 mi‘?
1133 379 1182 405 re
1229 365 1344 419 ipsa
1383 364 1529 404 modo
1578 378 1685 405 com-

1128 447 1237 474 mon
1256 432 1360 473 itus
1393 447 1501 473 sum

112 503 177 545 A:
209 502 307 544 Hoc
359 502 432 556 qui
478 501 522 542 in
569 509 754 544 mentem
802 502 964 543 venerit
1002 501 1088 542 mi‘?
1135 500 1282 542 modo
1329 516 1378 541 re
1418 500 1533 556 ipsa
1580 515 1687 542 com-

1131 578 1297 611 motus
1329 584 1436 610 sum.

62 639 315 682 correctoris
347 653 477 694 opera
500 647 585 680 tam
617 638 841 679 manifesta
866 645 942 688 est,
974 645 1019 680 ut
1041 637 1182 679 verbis
1214 637 1492 694 supersedere
1515 637 1688 693 possim.

178 707 285 748 Trin.
322 707 427 748 1071

115 775 175 817 A:
208 775 330 818 Satin
355 775 523 817 oculis
552 789 647 830 ego
677 774 803 830 plane
830 774 985 816 video?
1003 781 1120 815 estne
1145 773 1229 815 hic
1257 789 1311 815 an
1335 788 1419 815 non
1447 776 1537 817 est‘?
1560 774 1594 814 is
1627 782 1688 816 est

113 843 172 885 P:
205 844 325 887 Satin
349 859 444 900 ego
467 843 632 886 oculis
659 843 782 900 plane
804 842 960 885 video?
984 850 1102 884 estne
1120 842 1265 897 ipsus
1284 858 1336 883 an
1360 857 1443 883 non
1467 842 1557 884 est‘?
1574 842 1610 883 is
1626 850 1689 884 est

59 913 121 953 hic
156 913 257 954 ferri
298 927 376 954 non
418 927 542 968 posse
591 911 697 952 vidit
741 911 1044 953 Fleckeisenus
1086 911 1198 967 (anu.
1233 911 1334 967 phil.
1367 910 1530 952 XCIII
1563 927 1602 967 p.
1636 912 1687 954 61

59 982 196 1037 adn.);
236 982 524 1023 recensionem
563 980 708 1022 statuit
751 980 909 1021 ibidem
946 980 1289 1033 Studemundus3
1330 989 1542 1022 corrector
1578 980 1691 1021 enim

62 1050 249 1091 novandi
289 1050 430 1091 studio
470 1065 545 1105 pro
585 1050 723 1090 forma
762 1050 937 1103 antiqua
969 1052 1074 1106 ipsus
1114 1049 1257 1106 posuit
1288 1050 1367 1099 Ιιὶε,
1416 1049 1577 1090 hiatum
1618 1049 1690 1105 qui

64 1118 163 1160 inde
195 1118 411 1160 oriebatur
442 1134 526 1160 non
560 1133 729 1159 curans.

174 1188 266 1228 Mil.
296 1188 396 1243 ylor.
429 1187 511 1229 686
573 1201 721 1228 verum
752 1201 886 1242 egone
918 1201 1011 1227 eam
1045 1186 1199 1228 ducam
1232 1186 1417 1239 domum,

175 1255 297 1311 Quae
337 1256 439 1297 mihi
481 1270 714 1311 numquam
752 1254 833 1296 hoc
871 1254 1003 1296 dicat:
1044 1270 1156 1305 eme,
1201 1255 1259 1296 mi
1282 1257 1360 1305 vir,
1398 1254 1541 1295 lanam
1580 1253 1690 1295 unde

880 1323 1058 1379 pallium
1092 1356 1101 1364 .

181 1392 474 1435 Conficiatur‘?

62 1462 122 1503 sic
169 1461 213 1502 A
260 1476 442 1516 eumque
475 1469 644 1503 secutus
692 1459 973 1509 Ribbeckius,
1034 1459 1070 1499 P
1112 1460 1216 1500 unde
1260 1460 1342 1501 tibi.
1396 1458 1690 1500 Palatinorum

62 1544 211 1571 versus
244 1544 341 1572 cum
364 1530 474 1571 iusto
505 1529 672 1586 longior
694 1529 761 1579 sit,
794 1528 1226 1585 circumspiciendum
1250 1536 1326 1578 est,
1358 1527 1461 1582 quid
1494 1543 1547 1569 ex
1569 1527 1692 1568 inter-

65 1598 277 1655 polatione
321 1605 466 1640 natum
508 1598 719 1639 videatur.
779 1596 1040 1639 Ritschelius
1080 1610 1228 1637 vocem
1270 1598 1328 1636 mi
1357 1595 1515 1637 delevit
1546 1604 1695 1636 contra

66 1667 454 1709 constantissimum
472 1682 596 1708 usum
614 1666 876 1716 Plautinum,
896 1680 949 1706 ex
967 1680 1064 1719 quo,
1084 1664 1343 1719 ubicumque
1367 1679 1474 1706 uxor
1495 1663 1696 1705 maritum

65 1735 309 1791 alloquitur,
343 1738 399 1776 mi
427 1738 486 1776 vir
518 1735 768 1790 requiritur3
801 1736 857 1776 cf.
888 1734 1038 1790 Amph.
1071 1733 1167 1775 502.
1201 1732 1296 1774 710.
1328 1732 1424 1774 716.
1456 1732 1552 1774 812.
1607 1731 1693 1774 Cas.

65 1803 140 1846 III
171 1804 209 1854 3,
233 1804 299 1845 23.
323 1804 388 1847 25.
422 1804 461 1847 V
484 1804 522 1856 4,
556 1805 595 1844 ὃ.
655 1811 803 1844 contra
835 1803 946 1843 Rud.
972 1801 1066 1851 105,
1098 1801 1170 1842 ubi
1204 1800 1268 1841 vir
1291 1800 1429 1841 virum
1453 1799 1695 1856 alloquitur,

66 1887 297 1928 pronomen
321 1873 549 1922 omittitur3
572 1887 657 1926 qua
689 1879 862 1927 propter
894 1870 1022 1911 etiam
1082 1870 1172 1912 Mil.
1194 1870 1293 1925 ¹(flor.
1326 1884 1366 1909 v.
1390 1868 1473 1909 690
1495 1868 1549 1909 ad
1571 1883 1695 1910 usum

71 1938 319 1982 Plautinum
350 1940 410 1981 sic
442 1940 814 1982 reconcinnandus
847 1946 928 1981 est:
962 1938 1128 1989 ‚Dicatt
1181 1938 1249 1988 da,
1283 1937 1339 1978 mi
1378 1938 1456 1987 vir,
1490 1937 1695 1978 calendis‘

72 2022 108 2049 e.
141 2023 180 2063 q.
214 2023 245 2049 S.
294 2009 369 2062 (da
413 2009 525 2056 mihi,
573 2010 644 2057 vir,
685 2009 860 2049 calendis
891 2009 1014 2050 codd.
1056 2015 1095 2049 et
1134 2007 1373 2063 editiones).
1434 2006 1697 2048 Ribbeckius

66 2090 215 2118 vocem
247 2077 320 2117 tibi
349 2084 523 2132 propter
546 2078 798 2119 sententiam
830 2078 1001 2118 finalem
1033 2093 1080 2118 ne
1110 2078 1244 2132 alyeas
1275 2077 1349 2117 hac
1372 2076 1496 2117 hieme
1517 2076 1696 2116 otiosam

68 2154 212 2188 censet
258 2146 382 2201 (Mus.
414 2146 494 2187 Rh.
527 2145 746 2188 XXXVI
778 2162 818 2203 p.
853 2146 966 2201 117),
1014 2160 1099 2202 qua
1145 2145 1188 2185 in
1226 2159 1271 2185 re
1311 2159 1376 2186 me
1415 2144 1589 2198 quidem
1627 2143 1697 2184 ad-

67 2214 319 2255 sentientem
370 2229 454 2255 non
494 2213 638 2255 habet.
699 2214 806 2257 haec
838 2215 950 2255 enim
984 2213 1135 2255 vocula
1174 2213 1335 2255 idcirco
1366 2212 1588 2254 retinenda
1621 2220 1696 2262 est,

68 2281 196 2338 quod,
237 2282 270 2322 si
302 2282 531 2332 omittitur,
564 2283 607 2323 in
638 2283 842 2338 pendenti
875 2283 1047 2324 demum
1079 2281 1309 2330 sententia,
1342 2282 1462 2324 cuius
1494 2282 1538 2322 in
1569 2296 1695 2323 usum

70 2349 150 2392 hae
184 2359 322 2391 vestes
354 2350 645 2400 conficiantur,
677 2351 959 2407 intellegitur;
992 2357 1214 2406 praeterea
1238 2365 1334 2391 cum
1358 2364 1481 2399 uxor,
1514 2363 1624 2405 quae
1654 2348 1698 2389 in

70 2418 151 2459 viri
174 2418 473 2459 commoditate
497 2426 693 2474 sumptus
724 2420 838 2472 facit,
873 2421 909 2461 ei
933 2426 1189 2475 opponatur,
1222 2432 1331 2472 quae
1360 2418 1509 2458 alienis
1533 2424 1697 2458 tantum

72 2487 292 2544 prospicit,
324 2487 436 2528 hanc
468 2487 778 2544 oppositionem
802 2488 932 2530 verbo
964 2489 1038 2529 tibi
1066 2488 1152 2528 iam
1185 2487 1236 2528 ab
1269 2486 1389 2528 initio
1411 2485 1590 2528 indicari
1622 2501 1699 2541 par

70 2564 145 2597 est.
206 2556 351 2610 itaque
387 2571 622 2610 pronomen
653 2558 754 2598 milei
773 2558 912 2613 potius
935 2556 1176 2598 eiciendum
1208 2555 1391 2596 videtur.
1424 2554 1538 2608 quod
1570 2569 1699 2608 quam

71 2639 440 2680 supervacaneum
479 2625 552 2673 sit,
597 2640 743 2665 versus
781 2624 866 2666 690
903 2625 1177 2667 demonstrat.
1237 2624 1349 2664 hanc
1388 2623 1520 2678 igitur
1553 2637 1699 2663 versus

70 2695 250 2735 formam
283 2693 653 2734 commendamus:

183 2760 303 2816 Quae
343 2777 564 2817 nunquam
602 2761 683 2802 hoc
722 2761 856 2802 dicat:
910 2776 1000 2803 eme
1039 2761 1095 2801 mi
1142 2761 1208 2801 vir
1246 2761 1411 2810 lanam,
1460 2758 1554 2800 tibi
1587 2756 1699 2799 unde

1091 2828 1270 2884 pallium
1302 2864 1310 2872 .
1344 2860 1352 2868 .
1386 2859 1394 2868 .

186 2898 446 2940 Conficiatm·

73 2967 145 3023 (cf.
192 2967 388 3009 Muelleri
432 2968 545 3009 Pros.
594 2968 730 3007 Plant.
781 2982 822 3021 p.
871 2967 984 3023 372).
1050 2966 1390 3008 Ambrosianum
1436 2971 1581 3005 autem
1627 2960 1700 3016 qui
