2020 3278
387 287 526 326 [send.
559 286 639 325 377

321 364 431 419 A¹):
484 364 579 405 Hoc
627 363 872 406 officium
924 372 1160 412 meumst,
1214 362 1338 403 mihi
1389 377 1542 419 operae
1582 363 1614 403 si
1663 361 1738 411 sit,
1798 361 1891 417 plus

1082 433 1222 473 tecuni
1254 431 1405 487 loquar

325 500 382 542 P:
430 500 526 542 Hoc
566 508 778 541 meumst
823 499 1083 549 officium3
1125 514 1216 555 ego
1255 514 1408 555 operae
1441 499 1472 540 si
1505 499 1579 547 sit,
1625 498 1720 553 plus
1752 507 1891 538 tecum

1083 568 1233 622 loquar

381 647 613 703 Niemeyer
645 663 684 704 p.
717 648 771 689 20
801 663 951 702 parum
982 647 1207 703 diligenter
1236 645 1418 686 iudicat:
1453 644 1523 694 „in
1558 645 1593 685 A
1627 658 1774 685 verum
1806 650 1892 692 est3

270 732 366 758 nam
407 733 476 772 0¹90
509 717 551 757 in
584 716 616 757 Ρ
647 717 772 757 nimis
803 716 990 771 graviter
1020 714 1315 771 praeponitur,
1356 728 1451 754 cum
1489 713 1588 753 milei
1626 711 1893 768 aptissimum

269 786 334 826 sit.
365 785 583 840 quaeritur
606 785 749 839 igitur,
782 799 857 826 cur
888 800 957 840 ⁶³9⁰
978 784 1183 839 scriptum
1216 783 1280 824 sit.
1314 782 1430 836 atqui
1464 789 1586 822 erunt
1608 782 1787 822 fortasse
1819 779 1891 834 qui

270 853 348 895 hoc
381 854 580 910 exemplo
620 855 678 894 ita
718 853 968 901 abutantur,
1009 862 1051 894 ut
1086 860 1178 908 post
1211 852 1413 893 omissum
1456 864 1687 907 pronomen
1729 849 1826 889 ιηίΙιί
1856 858 1893 888 et

270 930 363 978 post
410 921 667 978 transposita
719 921 848 962 verba
900 922 1076 978 ρῂίσίἰωιι
1123 929 1285 962 ›newnst
1343 920 1484 960 hiatus
1533 918 1671 974 gratia
1723 916 1777 958 ab
1824 916 1896 957 illo

273 990 495 1032 fastidioso
526 990 807 1046 grammatico
839 1005 908 1045 eqo
939 990 1143 1031 insertum
1177 1004 1269 1030 esse
1292 989 1448 1029 (licant.
1515 987 1589 1028 sed
1622 986 1702 1027 nisi
1725 984 1896 1026 diversi-

271 1068 400 1100 tatem
454 1059 569 1100 casui
609 1057 795 1099 tribuere
840 1059 988 1112 mavis,
1028 1059 1097 1099 hie
1144 1057 1283 1113 potins
1332 1071 1497 1110 versus,
1550 1056 1720 1112 opinor,
1771 1053 1895 1095 corri-

271 1126 437 1182 gendus
468 1138 556 1168 erat

385 1205 483 1246 Hoc
510 1204 696 1246 officium
730 1213 911 1246 meumst
930 1232 959 1241 v
978 1220 1129 1261 operae
1160 1205 1193 1246 si
1229 1205 1294 1259 sit,
1329 1205 1425 1260 plus
1453 1216 1593 1246 tecum
1625 1203 1775 1258 loquar

273 1283 313 1316 et
331 1273 463 1316 vcrba
481 1275 657 1330 officium
678 1281 840 1314 meumst
859 1280 1006 1330 postea
1025 1273 1194 1315 demum
1216 1273 1474 1330 transposita
1493 1277 1631 1314 sunt.“
1667 1273 1812 1325 itaque
1830 1284 1899 1325 1190

272 1343 396 1383 nimis
417 1342 607 1398 graviter
629 1342 835 1398 praeponi
862 1342 1091 1393 contendit,
1123 1342 1237 1398 quod
1269 1342 1309 1383 in
1333 1341 1441 1383 thesi
1464 1341 1717 1383 collocatum
1750 1338 1898 1380 ultima

274 1410 443 1466 syllaba
489 1411 591 1452 elisa
636 1412 723 1452 sere
766 1411 1002 1452 evanescit}
1050 1426 1175 1467 porro
1216 1411 1249 1451 si
1290 1425 1493 1467 personae
1532 1409 1646 1451 notio
1685 1407 1899 1450 efferenda

275 1494 356 1520 non
398 1488 473 1529 est,
507 1494 582 1520 cur
614 1480 713 1519 milti
749 1480 993 1534 praeposito
1034 1494 1117 1520 non
1150 1478 1402 1520 sollicitatur
1442 1478 1505 1518 vir
1540 1477 1719 1518 doctus?
1761 1489 1899 1529 neque

275 1547 355 1588 hoc
387 1547 690 1588 animadvertit
711 1546 912 1588 Plautum
945 1548 987 1588 in
1021 1546 1329 1589 elocutionibus
1361 1546 1476 1587 velut
1508 1561 1649 1601 operae
1680 1552 1745 1593 cst,
1778 1545 1901 1584 otimn

276 1623 340 1663 est,
389 1615 479 1658 sim.
527 1615 718 1657 dativum
751 1630 959 1670 personae
991 1616 1078 1656 fere
1126 1615 1296 1670 saepius
1329 1614 1520 1655 omittere
1555 1628 1685 1669 quam
1726 1611 1897 1653 addere.

276 1686 328 1729 cf,
382 1685 492 1725 Trete.
526 1685 605 1726 871
663 1685 826 1734 ,Otium
864 1685 936 1726 ubi
984 1685 1083 1734 erit,
1133 1683 1184 1724 de
1229 1683 1321 1724 istis
1368 1682 1494 1724 rebus
1536 1681 1717 1738 amplius
1761 1694 1900 1721 tecum

277 1753 439 1807 loquar‘
472 1754 595 1794 Alere.
630 1753 725 1794 917.
758 1753 853 1793 377.
886 1753 976 1794 Mil.
1008 1753 1107 1808 μίαν.
1140 1752 1234 1795 252.
1269 1752 1362 1792 764.
1397 1752 1490 1792 21th.
1524 1751 1619 1791 320.
1654 1750 1746 1792 771.
1787 1748 1898 1805 Capt.

286 1822 373 1862 183.
407 1822 486 1878 Ep.
509 1822 605 1862 4225.
631 1822 726 1862 556.
754 1821 840 1863 Cas.
863 1821 939 1863 III
962 1821 1000 1871 2,
1034 1821 1098 1862 14.
1123 1822 1243 1861 Poma.
1268 1820 1362 1862 8238.
1388 1821 1497 1861 [cml.
1523 1819 1620 1860 429.
1653 1828 1746 1859 utra
1772 1817 1902 1874 igitur

278 1890 468 1931 recensio
501 1905 647 1931 verum
679 1890 912 1931 servaverit
946 1889 1148 1946 quoniam
1180 1904 1231 1930 ex
1265 1889 1345 1930 hac
1378 1888 1667 1944 discrepantia
1701 1886 1899 1943 cognosci

281 1974 364 2000 non
398 1968 550 2014 potest,
584 1959 634 1999 de
668 1958 786 1999 initio
821 1973 967 1999 versus
1001 1972 1277 2014 quaeramus,
1316 1972 1400 2011 quo
1431 1956 1716 2011 Niemeyerus
1747 1954 1903 1996 Palati-

284 2043 432 2069 norum
467 2027 713 2068 memoriam
748 2042 799 2068 ne
832 2026 1077 2068 examinare
1116 2025 1288 2082 quidem
1321 2025 1521 2081 dignatus
1561 2034 1634 2065 est.
1697 2038 1771 2065 nos
1805 2037 1904 2064 vero

283 2109 376 2135 eam
407 2109 484 2149 pro
517 2109 616 2135 vera
648 2094 870 2145 habemus,
903 2109 999 2136 cum
1035 2095 1261 2136 verborum
1294 2094 1396 2135 ordo
1434 2094 1502 2134 leot:
1535 2101 1697 2134 meumst
1729 2093 1906 2149 officium

285 2178 457 2219 prorsus
498 2172 595 2218 apte
634 2163 686 2203 ad
720 2163 1067 2218 persuadendum
1100 2163 1356 2205 defendatur
1395 2178 1431 2205 v,
1464 2162 1565 2211 379,
1613 2161 1684 2202 ubi
1716 2161 1760 2202 A
1799 2160 1906 2201 falso

283 2232 460 2273 eandem
485 2241 611 2286 atque
634 2247 673 2273 v.
695 2231 776 2273 377
810 2232 1038 2274 verborum
1060 2231 1386 2274 collocationem
1409 2229 1582 2287 praebet
1606 2230 1699 2270 llaec
1719 2231 1908 2270 sententia

290 2309 424 2350 meust,
457 2300 571 2354 quod
602 2310 748 2342 contra
787 2300 1008 2342 Palatinos
1045 2302 1138 2341 leaeo
1178 2308 1299 2341 meast
1338 2301 1527 2340 sententia
1568 2307 1681 2339 recte
1713 2311 1906 2338 servasse

289 2379 469 2410 metrum
503 2369 671 2410 evincit.
732 2369 911 2410 lectione
949 2381 1089 2410 antem
1125 2370 1194 2409 hoc
1226 2376 1388 2409 ›nemnst
1426 2368 1600 2423 officium
1642 2374 1685 2407 ut
1719 2365 1908 2421 genuina

285 2454 335 2478 ex
379 2437 414 2478 P
446 2436 641 2478 restituta
680 2447 723 2478 ut
765 2437 890 2478 etiam
932 2437 1063 2478 altero
1103 2437 1292 2478 eiusdem
1334 2450 1482 2477 versus
1519 2435 1611 2476 loco
1652 2448 1703 2476 ex
1742 2433 1909 2476 duabus

288 2521 422 2560 aeque
456 2505 575 2546 bonis
607 2505 860 2547 lectionibus
892 2520 996 2559 eam,
1031 2520 1158 2560 quam
1189 2505 1226 2546 P
1257 2503 1480 2562 praebent,
1529 2503 1756 2560 eligamus,
1804 2502 1910 2544 ratio

287 2573 484 2629 postulat.
546 2573 587 2613 in
621 2574 663 2614 Α
695 2574 842 2615 turbas
876 2574 1058 2615 movisse
1092 2573 1262 2614 videtur
1294 2572 1448 2613 vocula
1479 2586 1548 2626 (390
1580 2578 1651 2611 aut
1684 2584 1785 2611 casu
1824 2580 1909 2622 aut,

286 2641 401 2696 quod
436 2640 574 2682 verbis
613 2657 753 2697 operae
789 2644 823 2682 εἰ
858 2645 905 2682 sic
946 2641 1194 2682 intermissis
1234 2655 1317 2695 quo
1355 2638 1578 2681 referenda
1615 2645 1725 2678 esset
1771 2637 1912 2678 minus

288 2709 396 2751 bene
419 2708 628 2750 intellexit
651 2718 877 2759 corrector,
901 2710 1076 2759 oinissa3
1109 2725 1185 2765 pro
1208 2724 1293 2763 qua
1316 2723 1411 2749 cum
1430 2707 1529 2747 mihi
1548 2707 1754 2748 insertum
1788 2712 1912 2755 esset,

294 2777 559 2819 consectaria.
590 2778 669 2818 fuit
700 2777 927 2819 verborum
960 2786 1124 2819 meumst
1156 2778 1333 2834 officium
1365 2775 1587 2818 collocatio
1617 2774 1799 2815 inversa.

408 2961 433 3005 ¹)
466 2962 510 2995 ct'.
537 2959 770 2995 Studemund
795 2971 850 3004 ap.
877 2958 1094 2993 Muellerum
1122 2959 1212 2992 Αιῖιί.
1238 2970 1273 3003 p.
1291 2960 1330 2993 61
1358 2957 1438 2991 adn.
