2020 3278
1079 135 1103 171 8

273 270 437 310 sionum
468 269 748 318 diversitates,
781 267 853 310 ubi
886 268 988 309 satis
1022 268 1143 309 firma
1174 267 1319 309 iudicii
1343 268 1621 310 fundamenta
1643 283 1724 310 non
1748 284 1896 325 suppe-

272 336 434 387 tebant,
467 351 593 393 saepe
624 337 813 377 indicare
845 338 946 377 satis
979 336 1165 386 haberet,
1198 351 1317 377 suam
1350 350 1449 377 vero
1481 336 1613 392 ipsius
1643 337 1897 378 sententiam

277 419 560 461 praepropere
593 404 757 460 aperire
791 405 1020 461 prudenter
1052 405 1216 447 vitaret.

386 472 536 514 Totius
574 488 674 514 vero
706 473 966 526 quaestionis
999 473 1249 522 solvendae,
1309 472 1362 513 ad
1398 487 1526 526 quam
1579 471 1900 515 Studemundus

273 541 450 596 aggredi
498 541 649 590 noluit,
712 541 947 596 perieulum
999 542 1098 583 fecit
1151 541 1473 583 Maximilianus
1529 540 1812 597 Niemeyer
1857 542 1898 582 in

273 609 566 650 dissertatione
614 609 879 650 Berolinensi
940 612 988 651 (le
1026 611 1169 651 Plauti
1202 610 1442 666 sabulcmcm
1480 611 1695 650 recensione
1750 611 1904 666 duplici

275 693 309 720 a.
346 678 451 718 1877
492 678 670 733 scripta,
711 678 767 717 ita
811 678 1002 734 quidem,
1046 686 1091 720 ut
1128 693 1285 734 magno
1324 678 1509 719 locorum
1548 678 1589 719 in
1634 678 1766 720 altera
1804 686 1899 721 utra

275 746 469 787 codicum
523 745 686 787 familia
739 747 1029 787 recensionem
1090 746 1359 803 prodentium
1420 762 1596 789 nurnero
1657 748 1900 790 examinato

276 814 590 856 Ambrosianae
623 815 881 856 recensionis
922 814 1223 870 praestantiam
1263 814 1520 857 defenderet.
1589 816 1661 870 qui
1705 816 1901 872 quamvis

276 884 480 925 nonnulla
512 884 708 925 videatur
740 883 845 924 bene
868 882 1203 933 administrasse,
1235 891 1375 924 tamen
1401 890 1439 925 et
1462 883 1591 925 nimio
1612 884 1900 926 Ambrosiano

275 952 567 1009 patrocinandi
622 952 761 993 studio
812 951 1087 1008 praepeditus
1143 960 1180 993 et
1235 952 1438 993 sermonis
1500 952 1901 1010 consuetudinisque

273 1021 498 1062 Plautinae
546 1036 695 1077 parum
744 1021 933 1062 curiosus
974 1037 997 1062 a
1034 1029 1150 1062 recta
1196 1020 1578 1075 argumentationis
1620 1021 1689 1062 via
1729 1021 1899 1078 saepius

276 1089 511 1139 aberravit3
557 1090 676 1130 cuius
717 1090 775 1130 rei
819 1090 1016 1146 exempla
1048 1090 1140 1146 ipsa
1173 1089 1278 1130 haec
1311 1089 1609 1132 commentatio
1641 1089 1774 1130 multa
1806 1089 1900 1131 sub-

275 1159 544 1203 ministrabit.

388 1228 539 1268 Restat
586 1235 629 1267 ut
675 1225 887 1280 quomodo
938 1226 1028 1282 ipse
1077 1240 1162 1267 rem
1210 1225 1464 1266 instituerim
1510 1225 1659 1280 paucis
1704 1225 1901 1267 indicem.

281 1309 406 1350 atque
439 1295 550 1349 quod
586 1310 609 1335 a
636 1294 943 1350 disceptatione
975 1294 1127 1335 seclusi
1154 1309 1290 1349 paene
1315 1308 1462 1336 omnes
1495 1308 1641 1335 earum
1661 1294 1902 1335 fabularum

274 1365 409 1414 locos,
456 1379 564 1417 qnae
598 1379 619 1403 a
652 1363 887 1404 Ritsclielio
926 1364 1152 1419 operisque
1191 1362 1315 1404 sociis
1356 1362 1466 1403 iusto
1499 1371 1708 1418 apparatu
1757 1362 1902 1404 critico

274 1434 503 1473 instructae
543 1431 730 1472 nondum
777 1431 1048 1486 prodierunt,
1094 1431 1373 1486 Captivorum
1415 1430 1597 1472 Casinae
1637 1430 1903 1474 Cistellam-iae

273 1500 502 1549 Rudentis‚
556 1509 885 1542 minsentaneum
946 1508 1020 1542 est.
1101 1501 1361 1554 reliquarum
1418 1500 1459 1540 in
1520 1515 1700 1542 examen
1753 1501 1901 1542 vocavi

275 1584 420 1609 ornnes
461 1583 631 1619 versus,
682 1569 756 1611 ubi
798 1569 840 1610 A
881 1578 919 1609 et
960 1569 997 1610 P
1037 1569 1232 1610 codicum
1274 1569 1586 1626 discrepantiae
1624 1585 1719 1611 eum
1760 1570 1902 1627 aliqua

276 1636 576 1692 probabilitate
624 1653 677 1679 ex
724 1637 968 1679 recensione
1016 1638 1056 1678 in
1105 1637 1237 1677 altera
1285 1644 1381 1678 utra
1426 1637 1589 1679 familia
1634 1638 1747 1679 facta
1795 1638 1901 1680 deri-

275 1706 364 1746 vari
421 1714 615 1761 poterant
671 1706 856 1748 exclusis
909 1705 959 1747 iis
1006 1705 1276 1755 differentiis,
1332 1720 1441 1761 quae
1494 1706 1636 1748 verbis
1685 1721 1766 1747 non
1813 1721 1900 1747 mu-

275 1775 372 1815 tatis
413 1775 456 1815 in
497 1775 584 1816 sola
624 1790 823 1816 versuum
863 1775 1222 1829 discriptione
1260 1775 1591 1829 conspiciuntur.
1668 1775 1726 1816 ita
1757 1783 1898 1817 autem

276 1843 495 1884 materiam
522 1843 742 1885 collectam
769 1844 972 1898 disposui,
997 1850 1041 1884 ut
1060 1844 1242 1898 primum
1262 1853 1388 1898 caput
1406 1843 1695 1893 Ambrosiani,
1719 1844 1898 1884 alterum

275 1910 568 1952 Palatinorum
622 1912 859 1952 recensioni
906 1911 1170 1953 attribuerim
1215 1911 1543 1967 grammaticae,
1599 1926 1682 1967 quo
1728 1911 1897 1952 nomine

276 1980 557 2021 correctiones
591 1980 808 2027 metricas,
845 1980 1139 2036 prosodiacas,
1172 1978 1225 2021 ob
1259 1979 1481 2034 archetypi
1517 1979 1692 2020 lacunas
1731 1988 1805 2020 aut
1847 1979 1900 2020 ad

276 2047 528 2088 sententiam
569 2049 865 2103 corrigendam
905 2048 1142 2097 institutas,
1175 2047 1358 2104 denique
1390 2047 1559 2103 proprie
1599 2048 1900 2104 grammaticas

282 2116 608 2171 comprehendo.
697 2117 741 2157 in
799 2118 920 2158 tertio
981 2117 1119 2172 capite
1171 2116 1354 2172 primum
1404 2116 1454 2157 de
1506 2131 1756 2158 scaenarum
1805 2131 1899 2158 eum

276 2184 622 2239 inscriptionibus
662 2197 750 2226 tum
791 2185 1132 2227 distinctionibus
1173 2200 1248 2241 per
1292 2186 1557 2227 recensiones
1602 2185 1779 2226 diversis
1822 2185 1900 2226 dis-

277 2251 517 2305 putabitur,
572 2252 724 2293 deinde
778 2253 1032 2307 colligentur
1069 2253 1097 2294 ii
1141 2253 1241 2303 loci,
1296 2253 1450 2309 quibus
1489 2262 1529 2294 et
1567 2253 1901 2295 Ambrosianum

279 2333 314 2360 et
360 2320 570 2361 Palatinos
614 2336 664 2361 ex
704 2321 882 2361 diversis
923 2321 1176 2363 histrionum
1206 2321 1520 2376 exemplaribus
1564 2321 1775 2363 derivatos
1810 2335 1900 2363 esse

283 2388 555 2444 intellegitur.
624 2398 821 2444 quartum
863 2389 1101 2430 versabitur
1139 2389 1180 2429 in
1221 2404 1365 2431 eorum
1398 2389 1586 2431 locorum
1620 2389 1900 2440 enarratione,

279 2456 431 2512 quibus
481 2457 558 2497 viri
606 2457 716 2498 docti
756 2457 984 2499 lectionum
1033 2456 1341 2511 discrepantias
1383 2473 1434 2498 ex
1475 2456 1719 2498 recensendi
1761 2456 1900 2500 studio

279 2524 384 2565 salso
419 2525 719 2579 repetiverunt.
781 2541 888 2579 quae
911 2540 962 2566 ex
996 2526 1194 2566 universa
1221 2525 1505 2581 disputatione
1529 2525 1762 2580 prodierint
1784 2525 1899 2581 leges

281 2592 464 2644 criticae,
497 2593 539 2633 in
572 2593 717 2649 quinto
750 2593 936 2635 breviter
960 2593 1357 2649 comprehendetur.
