2020 3278
737 163 926 229 *133
939 225 1005 229 ψ

114 296 240 352 Epid.
272 297 514 339 518—520

167 363 333 404 Eamne
365 365 500 405 sinam
534 368 663 421 ego1)
695 368 884 422 inpune?
915 369 1044 409 immo
1077 369 1204 408 etiam
1237 369 1271 409 si
1303 369 1482 410 alterum

169 431 354 472 Tantum
389 433 714 487 perdundumst,
746 435 922 490 perdam
953 436 1092 490 potius
1125 451 1254 489 quam
1286 437 1422 477 sinam

167 499 236 540 Me
269 500 426 556 inpune
458 501 628 543 irrisum
661 518 752 544 esse
785 503 992 553 habitum,
1026 504 1391 559 (lepeculatum.²)

54 568 126 622 qui
160 584 306 610 versus
339 584 391 609 ex
424 571 657 627 exemplari
692 572 886 621 histrico,
920 582 963 613 ut
996 572 1165 627 opinor,
1204 573 1396 613 arcessiti
1428 579 1469 613 et
1501 574 1684 628 margini

54 636 154 677 olim
192 637 397 693 adscripti
439 654 519 679 non
560 639 696 680 solum
728 640 948 695 graviores
981 639 1127 681 turbas
1161 646 1406 690 traxerunt,
1447 641 1521 681 sed
1553 642 1681 682 etiam

52 704 161 746 falso
185 705 279 746 loeo
301 706 341 746 in
368 721 566 748 versuum
595 708 787 749 ordinem
810 704 1079 762 invasertmtg
1113 723 1291 764 quorum
1315 717 1462 750 auctor
1493 724 1565 751 eos
1600 724 1680 751 non

52 773 220 814 addidit
251 773 443 816 versibus
477 775 571 817 517.
605 776 688 816 520

166 841 281 896 Quid
312 845 454 886 nune‘?
487 843 560 900 qui
593 845 634 884 in
667 845 795 885 tantis
828 845 990 901 positus
1023 860 1115 886 sum
1148 845 1380 896 sententiis,

164 910 218 952 Ei
250 911 335 952 seic
367 912 465 953 data
498 927 589 954 esse
622 913 754 954 verba
786 914 999 968 praesenti
1033 913 1198 968 palam!

53 979 128 1020 sed
160 978 359 1021 substitui
390 981 532 1035 potius
566 996 711 1023 eorum
743 981 836 1023 loeo
870 981 1016 1023 voluit.

109 1048 260 1089 Bacch.
293 1048 376 1090 512
408 1063 501 1103 sqq.
542 1050 669 1091 trium
702 1064 902 1091 versuum
936 1050 1095 1106 duplex
1126 1050 1168 1090 in
1206 1049 1243 1091 P
1281 1049 1485 1090 memoria
1523 1049 1682 1090 tradita

52 1124 136 1166 est3
169 1116 316 1166 altera,
348 1117 391 1158 in
414 1119 452 1158 A
476 1132 644 1173 quoque
677 1125 862 1167 servata,

167 1185 328 1231 Verum
360 1200 489 1240 quam
522 1186 594 1227 illa
625 1201 830 1241 umquam
863 1186 914 1227 de
947 1201 1041 1227 mea
1073 1186 1258 1241 pecunia

163 1253 377 1296 Ramenta
408 1255 482 1295 fiat
513 1255 687 1309 plumea
718 1255 1018 1310 propensior3)

165 1321 408 1364 Mendioum
441 1322 586 1363 malim
618 1324 902 1365 mendicando
935 1324 1119 1373 vincere,

50 1390 196 1440 altera,
227 1398 323 1446 post
354 1407 394 1432 v.
426 1391 509 1432 519
540 1392 583 1432 in
614 1392 651 1433 P
681 1401 846 1434 tantum
879 1400 1042 1441 extans,

162 1458 247 1501 Sed
279 1467 435 1509 autem,
468 1475 599 1514 quam
632 1460 704 1501 illa
736 1476 942 1514 umquam
973 1461 1078 1501 meis
1110 1459 1339 1515 opulentiis

168 1527 381 1570 Ramenta
413 1529 487 1570 fiat
517 1530 691 1584 gravior
722 1538 795 1570 aut
826 1529 1080 1585 propensior

165 1596 276 1638 Mori
308 1612 375 1638 me
409 1598 866 1639 malim-excruciatum
900 1597 1057 1652 inopia.

49 1679 155 1719 quas
186 1673 357 1720 praeter
388 1666 453 1706 ius
484 1666 748 1707 Ritsehelius
779 1665 1032 1706 Hermanno
1065 1665 1174 1706 duce
1206 1663 1419 1714 confudit,
1455 1678 1550 1704 cum
1584 1677 1681 1703 eum

48 1740 235 1783 tantum,
266 1748 392 1788 quem
426 1735 565 1789 priore
605 1734 697 1775 loco
729 1734 865 1789 posui,
898 1733 1092 1775 ordinem
1124 1747 1324 1773 versuum
1357 1731 1539 1788 exprimi
1571 1731 1679 1771 ratio

49 1802 196 1843 critica
229 1802 407 1846 iuberet.
445 1803 552 1844 alter
578 1819 678 1844 vero
713 1803 870 1857 dignus
904 1809 965 1843 est
1007 1802 1057 1843 de
1091 1817 1176 1856 quo
1209 1800 1452 1842 accuratius
1485 1814 1677 1854 agamus.

49 1870 90 1910 in
116 1885 200 1925 quo
224 1871 517 1912 memorabiles
543 1878 642 1912 sunt
677 1871 929 1912 coniunctae
962 1871 1144 1911 voculae
1175 1871 1244 1910 sed
1266 1877 1397 1919 mntem
1429 1875 1470 1909 et
1501 1867 1680 1923 pluralis

50 1954 250 1982 numerus
284 1941 516 1996 opulentiae,
553 1940 667 1994 quod
699 1948 929 1996 utrumque
960 1940 1211 1981 Plautinum
1253 1945 1334 1991 est3
1382 1937 1536 1978 deinde
1582 1950 1678 1976 cum

49 2009 235 2063 ,gravior
254 2008 326 2049 fiat
357 2016 430 2049 aut
461 2009 724 2064 propensior‘
743 2009 1053 2063 excogitaverit
1085 2022 1287 2049 versuum
1319 2017 1478 2054 auctor,
1513 2005 1677 2046 mireris

49 2091 145 2118 eum
170 2077 213 2117 in
238 2077 353 2118 vocis
375 2079 507 2132 φανὰς
532 2092 655 2118 usum
675 2092 847 2131 prorsus
872 2077 1135 2132 singularem
1159 2075 1375 2124 incidisse,
1401 2075 1521 2116 cuius
1546 2089 1678 2115 unum

45 2152 213 2185 tantum
250 2146 364 2199 quod
398 2146 529 2187 sciam
569 2146 815 2200 exemplum
857 2146 972 2200 apud
1004 2145 1208 2186 Plautum
1241 2150 1358 2185 extat
1396 2144 1508 2184 Truc.
1544 2143 1620 2184 96:

160 2211 229 2253 Ne
261 2213 332 2266 qui
366 2213 574 2253 adventor
604 2213 777 2268 gravior
809 2212 980 2253 abaetat
1012 2227 1141 2266 quam
1175 2211 1388 2252 adveniat.

48 2281 88 2321 in
129 2281 253 2322 tertio
294 2281 477 2335 denique
518 2296 642 2322 versu
683 2281 845 2321 hiatum
884 2281 927 2320 in
969 2295 1147 2321 caesura
1185 2279 1341 2320 senarii
1374 2277 1678 2331 semiquinaria

46 2349 100 2390 ab
124 2350 274 2391 eodem
296 2351 473 2391 vitatam
506 2365 586 2391 non
620 2364 711 2391 esse
738 2349 868 2389 vides.
886 2350 921 2401 4)
954 2364 1082 2402 quem
1116 2363 1390 2390 numerorum
1422 2362 1503 2388 non
1537 2360 1672 2399 aeque

48 2432 98 2458 ac
135 2417 308 2474 linguae
351 2420 539 2459 comicae
580 2418 761 2473 peritum
798 2417 929 2458 fuisse
965 2418 1092 2457 etiam
1134 2431 1280 2458 versus
1317 2416 1443 2470 primi
1491 2422 1678 2456 metrum

164 2600 190 2643 ι)
215 2611 294 2644 ‚ego
320 2600 449 2634 sinam‘
475 2598 580 2633 codd.

161 2668 191 2709 ²)
219 2666 291 2711 Qui
317 2679 443 2701 versus
470 2666 654 2710 quomodo
680 2666 863 2700 sanandus
890 2666 938 2700 sit
963 2665 1254 2700 incertissimum
1279 2667 1346 2700 est.

160 2735 190 2777 ⁸)
215 2734 269 2768 Cf.
295 2735 386 2769 Rud.
406 2734 510 2769 1016:
538 2733 757 2777 ‚Numquam
775 2734 898 2767 hercle
916 2734 1001 2767 hine
1019 2734 1129 2767 hodie
1148 2736 1316 2767 ramenta
1341 2732 1405 2766 fies
1430 2732 1676 2766 fortunatior.‘

161 2803 190 2846 ⁴)
214 2801 319 2836 Idem
345 2802 457 2836 habes
492 2802 528 2835 in
554 2813 584 2835 v.
613 2801 658 2835 ad
683 2802 790 2835 Stich.
816 2802 880 2835 207
906 2801 1051 2835 adiecto
1084 2800 1179 2844 ‚Ipse
1206 2802 1352 2843 egomet
1378 2811 1485 2842 quam
1513 2800 1558 2832 ob
1583 2810 1677 2832 rem-

48 2858 259 2892 auctionem
294 2858 527 2903 praedicem‘,
561 2857 624 2890 ubi
651 2857 808 2890 alterum
833 2869 980 2891 versum
1012 2858 1234 2891 sententiam
1260 2855 1435 2889 videlicet
1460 2854 1677 2899 primariam

48 2913 302 2947 continentem
327 2924 412 2947 casu
438 2913 592 2957 periisse
618 2912 793 2956 suspicor.
832 2913 929 2956 quod
955 2913 984 2946 si
1010 2925 1137 2947 verum
1164 2916 1230 2952 est,
1256 2912 1316 2944 hic
1342 2922 1485 2954 quoque
1511 2910 1675 2944 eiusdem

50 2970 255 3004 sententiae
283 2970 468 3014 duplicem
495 2970 651 3003 sormam
677 2980 722 3002 ex
748 2969 970 3012 antiquitate
995 2969 1192 3013 repetitam
1219 2968 1407 3001 habemus.

1407 3036 1451 3069 9
