2020 3278
86 272 188 314 bant
219 272 468 314 condicione
500 273 766 329 χαρακτῆρας
796 278 959 313 tantum
992 269 1256 313 discrevisse.
1297 283 1382 326 qua
1418 268 1469 310 de
1509 284 1635 311 causa
1667 268 1708 310 in

85 356 335 384 scaenarum
375 340 507 381 titulis
548 340 666 381 initio
698 340 802 381 nihil
835 340 912 381 nisi
947 339 1102 396 quibus
1136 337 1349 393 personis,
1392 337 1507 378 velut
1538 337 1708 379 senibus

86 409 431 451 adulescentibus
467 409 666 464 parasitis
688 407 981 449 meretricibus
1005 406 1073 456 al„
1104 407 1145 447 in
1170 420 1325 447 scaena
1357 405 1571 461 agendum
1603 413 1712 447 esset

87 478 291 533 scriptum
330 484 434 518 erat.
483 476 593 518 hanc
632 475 974 531 antiquissimam
1013 475 1231 517 titulorum
1269 474 1447 516 formam
1487 475 1529 514 in
1567 474 1710 515 arche-

86 554 189 601 typo
227 544 447 599 utriusque
486 543 744 586 recensionis
788 543 1001 585 communi
1041 543 1171 584 fuisse
1202 543 1300 584 inde
1341 542 1554 598 sequitur,
1596 542 1710 596 quod

86 617 127 657 in
166 616 203 657 Ρ
240 623 304 656 sat
341 629 470 671 saepe
512 615 605 669 ipsa
648 620 833 655 aetatem
874 612 1038 667 tulit¹)‚
1079 612 1122 653 id
1154 611 1268 668 quod
1300 626 1383 653 non
1416 625 1517 653 casu
1549 611 1710 652 factum

87 699 200 734 esse,
241 683 314 733 sed
354 691 538 724 veterem
577 682 824 724 memoriam
863 688 1183 737 repraesentare
1216 694 1265 722 eo
1296 680 1456 730 elucet,
1497 678 1611 734 quod
1643 694 1713 721 ex·

86 759 210 808 cepta
238 751 377 807 priore
406 751 631 792 Tmo-alenti
652 760 773 806 parte
791 749 949 806 ubique
968 753 1192 806 σημείωσις
1214 749 1285 790 illa
1304 763 1398 790 cum
1418 748 1711 790 characterum

86 820 395 877 significatione
418 819 646 861 coniuncta
677 818 904 860 invenitur.
957 832 1094 874 neque
1118 818 1160 859 in
1194 818 1245 859 iis
1278 816 1425 867 titulis,
1458 816 1612 874 quibus
1643 832 1712 858 no-

87 889 200 930 mina
237 887 412 943 propria
443 887 527 928 iam
560 886 708 928 addita
741 894 852 937 sunt,
894 886 1077 943 vestigia
1116 885 1328 941 quaedam
1363 885 1594 941 genuinam
1633 885 1714 926 for-

88 973 200 999 mam
238 955 435 1013 produnt.
496 955 612 997 velut
643 956 770 1012 Epid.
804 955 852 997 ΙΙ
874 955 898 997 2
929 955 966 997 P
997 955 1111 996 hunc
1143 955 1313 996 titulum
1345 954 1568 996 exhibent:
1601 953 1714 1009 ,Epi-

87 1026 207 1068 dicus
245 1039 394 1066 servus
426 1021 668 1080 Apoecides
701 1022 968 1079 Periphanes
1002 1039 1123 1065 senes
1155 1023 1239 1065 duo
1271 1023 1318 1065 C‘
1351 1022 1594 1077 similiaque
1625 1037 1712 1064 sae-

87 1094 182 1151 pius
203 1092 492 1134 inveniuntur.
553 1099 596 1133 at
617 1091 807 1148 ineptum
841 1100 904 1133 est
935 1094 1014 1134 duo
1045 1092 1290 1134 nominibus
1323 1091 1508 1148 propriis
1539 1092 1715 1146 insuper

87 1161 301 1212 additum3
347 1170 494 1203 contra
525 1160 683 1217 optime
715 1175 759 1202 se
793 1160 943 1203 habuit
974 1176 1023 1203 eo
1057 1169 1270 1216 tempore,
1303 1176 1386 1216 quo
1419 1160 1591 1202 nomina
1623 1175 1715 1216 pro-

87 1230 181 1286 pria
204 1230 328 1272 titulo
350 1229 537 1272 nondum
564 1229 782 1285 adscripta
807 1236 940 1273 erant.
999 1229 1188 1286 genuina
1220 1228 1548 1286 inscriptionum
1578 1230 1716 1270 forma

87 1298 242 1341 deinde
263 1299 323 1340 ita
345 1306 508 1340 mutata
531 1305 607 1348 est,
633 1307 678 1340 ut.
701 1298 873 1339 nomina
898 1298 1072 1355 propria
1096 1297 1414 1340 characteribus
1436 1313 1714 1354 personarum

87 1366 360 1416 adderentur,
411 1381 545 1421 eaque
592 1366 755 1422 species
791 1366 832 1407 in
868 1366 899 1407 P
932 1366 1056 1422 longe
1104 1366 1296 1423 plurimis
1342 1366 1447 1408 locis
1484 1367 1713 1419 invenitur,

87 1437 315 1478 coniuncta
344 1435 418 1476 illa
455 1442 521 1476 sat
552 1434 695 1476 multis
728 1434 830 1475 locis
863 1449 960 1476 cum
992 1435 1301 1490 antiquissimis
1333 1435 1442 1477 notis
1476 1435 1511 1478 C
1544 1443 1585 1477 et
1615 1434 1714 1478 DV.

88 1504 271 1560 denique
293 1503 470 1545 sublatis
502 1503 767 1558 antiquitatis
799 1504 1063 1554 testimoniis,
1095 1504 1289 1546 semeiosi
1322 1513 1360 1546 et
1393 1504 1714 1546 characteribus

87 1587 380 1628 personarum,
419 1572 512 1613 sola
542 1571 714 1614 nomina
746 1572 920 1628 propria
965 1572 1110 1614 relicta
1157 1581 1267 1614 sunt.
1328 1581 1454 1628 atque
1501 1573 1581 1614 hoc
1622 1573 1717 1614 titu-

86 1642 224 1684 lorum
252 1656 388 1697 genus
410 1640 726 1682 Ambrosianus
759 1641 1096 1683 constantissime
1128 1641 1324 1686 ostendit.
1385 1642 1529 1696 itaque
1561 1642 1641 1683 hac
1672 1641 1714 1682 in

88 1710 350 1766 quaestione,
383 1709 578 1764 quamvis
611 1709 770 1764 exigua
802 1709 1017 1760 videatur,
1057 1711 1213 1765 optime
1245 1710 1431 1752 cernitur
1469 1725 1580 1765 quae
1620 1724 1715 1750 con·

89 1779 199 1821 dicio
221 1779 330 1820 inter
352 1777 631 1819 Ambrosiani
654 1786 694 1819 et
715 1777 1009 1820 Palatinorum
1041 1780 1338 1821 recensionum
1369 1788 1561 1834 tempora
1591 1779 1714 1820 inter-

89 1846 223 1890 cedat.
277 1847 434 1888 etenim
461 1861 558 1888 cum
589 1847 629 1887 in
655 1846 832 1888 historia
854 1847 1001 1889 critica
1023 1847 1167 1889 Plauti
1188 1848 1431 1890 fabularum
1454 1847 1715 1903 archetypus

88 1915 310 1970 utriusque
334 1915 591 1958 recensionis
613 1916 849 1957 communis
873 1916 1054 1971 primam
1073 1917 1196 1971 quasi
1214 1925 1395 1959 aetatem
1413 1924 1715 1972 repraesentet,

88 1984 383 2026 Palatinorum
421 1984 611 2026 recensio
651 1983 839 2025 medium
878 1984 1018 2026 locum
1056 1984 1215 2028 obtinet
1262 1986 1373 2027 inter
1410 1985 1552 2041 ipsum
1602 1984 1716 2026 hunc

89 2052 371 2108 archetypum
412 2062 452 2094 et
494 2051 828 2094 Ambrosianam
870 2054 1180 2104 recensionem,
1221 2069 1329 2109 quae
1362 2054 1404 2095 in
1435 2053 1515 2095 hac
1548 2053 1600 2095 de
1632 2067 1717 2107 qua

90 2121 258 2177 agimus
291 2121 539 2176 quaestione
570 2121 779 2177 originem
811 2122 1090 2164 recentiorem
1121 2132 1267 2178 aperte
1300 2122 1455 2179 prodit.
1490 2137 1588 2162 nam
1621 2136 1716 2163 cum

89 2190 131 2231 in
174 2190 346 2232 remotis
385 2205 663 2246 personarum
704 2190 1024 2233 characteribus
1071 2192 1242 2248 egregie
1290 2191 1369 2232 sibi
1416 2200 1575 2232 constet
1614 2189 1717 2231 Am-

91 2257 328 2308 brosianus,
351 2273 433 2299 non
455 2258 664 2300 incuriam
697 2258 983 2311 librariorum,
1017 2260 1185 2317 qualem
1218 2260 1261 2301 in
1292 2260 1330 2302 P
1362 2260 1588 2301 diversitas
1621 2259 1716 2299 titu-

91 2327 228 2369 lorum
267 2327 474 2378 ostendit,
507 2327 582 2369 sed
614 2327 747 2383 ipsius
791 2328 880 2370 eius
913 2329 985 2386 qui
1017 2330 1308 2371 recensionem
1340 2327 1531 2370 condidit
1564 2325 1718 2368 delibe-

90 2404 229 2437 ratum
262 2395 484 2437 consilium
517 2396 834 2451 agnoscendam
867 2412 959 2439 esse
999 2406 1190 2453 apparet.
1252 2397 1304 2439 de
1336 2411 1421 2452 quo
1454 2411 1536 2437 non
1569 2409 1718 2437 vereor

90 2479 143 2506 ne
175 2464 270 2520 quis
303 2474 529 2520 propterea
561 2464 748 2515 dubitet,
791 2465 906 2520 quod
941 2465 1063 2508 Stich.
1094 2466 1145 2508 Π
1176 2466 1201 2506 2
1232 2465 1275 2506 in
1305 2465 1350 2506 A
1381 2463 1717 2520 superscriptum

91 2542 155 2575 est
204 2533 458 2590 ,Panegyris
504 2534 802 2576 Parasitus*
867 2542 909 2575 et
955 2535 1102 2575 Pseud.
1142 2534 1166 2575 I
1203 2534 1228 2575 2
1281 2533 1448 2584 ,Leno
1494 2531 1718 2575 Calidorus

90 2601 362 2652 Pseudulus‘,
386 2617 646 2659 quamquam
671 2612 883 2644 corrector
906 2602 1083 2658 parasiti
1115 2617 1267 2644 nomen
1303 2602 1430 2644 Stichi
1458 2614 1639 2643 scaenae
1671 2600 1718 2640 II

94 2670 115 2710 1
157 2670 514 2726 superscripserat
551 2678 594 2711 et
631 2685 653 2712 e
693 2686 730 2713 v,
763 2671 846 2713 330
886 2671 1134 2726 depromere
1174 2678 1361 2727 poterat,
1422 2684 1500 2711 nec
1547 2683 1627 2710 non
1675 2667 1716 2708 in

209 2884 234 2927 ¹)
259 2883 313 2917 Cf.
345 2894 374 2917 e.
399 2895 432 2928 g.
470 2884 565 2917 Trin.
590 2882 630 2916 11
655 2884 686 2918 4.
717 2882 779 2918 111
806 2886 834 2918 1.
865 2883 930 2918 111
955 2885 986 2918 2.
1016 2883 1079 2920 111
1104 2886 1135 2919 3.
1168 2884 1225 2918 IV
1255 2887 1282 2918 1.
1314 2883 1370 2918 IV
1399 2885 1428 2918 2.
1461 2883 1517 2918 IV
1543 2884 1573 2917 3.
1604 2881 1662 2917 IV
1687 2884 1717 2916 4.

95 2939 303 2975 V1.V2.
351 2939 925 2975 Pseud.12.113.1111.lv
952 2940 1123 2976 3.1V7.
