2020 3278
877 127 955 167 175

100 261 166 310 sit,
205 275 280 316 per
309 259 426 315 leges
458 261 559 301 artis
591 261 762 302 criticae
795 263 931 303 insane
971 262 1064 302 bene
1095 260 1389 317 recipiendum
1421 268 1504 309 est,
1541 263 1726 301 insanum

101 328 194 369 bene
223 327 510 377 reiciendum,
560 328 637 369 etsi
675 336 851 370 externa
882 328 1043 385 specie,
1091 343 1200 385 quae
1240 344 1368 384 quam
1414 328 1547 369 fallax
1581 330 1635 370 sit
1667 336 1732 370 sat

100 411 226 454 saepe
259 396 456 449 vidimus,
492 396 807 451 quodammodo
840 396 1176 439 commendatur.
1225 411 1364 452 neque
1396 398 1437 438 in
1471 398 1637 440 occulto
1669 407 1732 440 est

101 464 324 506 consilium
351 465 600 506 correctoris
622 465 914 509 Ambrosiani.
964 466 1119 507 etenim
1143 479 1238 506 cum
1262 466 1379 506 Most.
1403 465 1485 508 908
1518 466 1730 516 ‚insanum

99 532 280 587 bonam‘‚
313 534 463 574 Bacch.
488 534 566 576 761
590 535 802 583 ,insanum
824 536 1057 589 magnum‘,
1097 533 1204 574 Tm'n.
1228 534 1310 575 673
1334 534 1545 582 ‚insanum
1569 536 1729 577 malum

100 601 345 658 hospitium‘
368 602 508 658 legere
534 602 803 656 meminisset,
829 602 883 643 ad
905 602 1058 644 horum
1081 602 1374 657 exemplorum
1398 603 1722 646 similitudinem

100 669 264 713 duobus
297 673 370 726 qui
403 671 657 713 differebant
698 670 800 712 locis
834 671 956 713 docte
989 686 1092 713 sane
1131 671 1375 712 emendavit
1405 674 1590 713 insanum
1622 673 1727 714 bene.

99 738 395 781 Palatinorum
434 749 576 782 autem
606 740 706 781 fidei
738 740 818 781 hoc
848 740 1016 782 accedit
1054 740 1356 782 documentum
1388 755 1473 781 non
1505 740 1728 795 mediocre,

99 808 213 864 quod
240 809 389 850 Bacch.
415 810 509 860 761,
535 824 619 864 quo
651 809 744 851 loco
768 811 951 849 insanum
983 823 1006 849 a
1029 808 1186 850 Plauto
1218 809 1458 866 profectum
1493 824 1585 851 esse
1617 810 1730 851 testi-

99 878 240 919 monio
286 877 404 919 Festi
443 893 484 935 p.
519 879 598 920 113
645 878 858 928 ‚insanum
908 877 1127 934 [insanum
1175 891 1380 934 magnum
1418 877 1602 935 Lipsius]
1653 893 1729 935 pro

99 945 224 987 valde
262 962 465 1003 magnum
505 962 607 989 usus
645 953 707 988 est
747 945 939 987 Plautus‘
977 953 1138 988 certum
1171 953 1255 999 est,
1297 948 1478 987 insanum
1520 961 1617 988 cum
1648 947 1730 988 fide

99 1022 335 1056 servarunt.
401 1017 538 1056 insane
576 1021 718 1056 autem
766 1026 935 1070 praeter
974 1016 1090 1056 Most.
1125 1014 1218 1056 761.
1254 1015 1343 1058 Mil.
1374 1016 1475 1071 qlor.
1507 1015 1562 1057 24
1599 1015 1730 1056 habes

103 1081 214 1126 Cure.
247 1083 339 1125 176.
398 1083 502 1125 locis
538 1083 668 1139 igitur
699 1083 781 1124 illis
814 1084 941 1139 Epicl.
971 1083 1065 1126 620.
1096 1084 1189 1124 Mil.
1220 1085 1320 1139 9l0r.
1354 1084 1476 1126 1180.
1514 1084 1625 1128 Tmo.
1648 1084 1728 1125 271

98 1151 170 1207 (cf.
194 1165 234 1207 p.
258 1151 313 1192 20
335 1152 448 1207 sqq.)
479 1167 592 1193 nunc
624 1151 789 1193 accedit
812 1160 1002 1208 quartus,
1037 1166 1121 1209 quo
1152 1152 1426 1194 manifestum
1456 1152 1503 1194 fit
1534 1151 1730 1194 omnibus

97 1219 221 1273 locis,
269 1219 423 1275 quibus
465 1220 754 1262 diversitatem
802 1221 1038 1277 scripturae
1078 1220 1132 1261 ad
1172 1236 1383 1263 summam
1430 1221 1726 1278 antiquitatem

97 1288 362 1330 referendam
395 1304 487 1330 esse
504 1289 883 1344 grammaticorum
909 1289 1098 1332 eiusdem
1118 1290 1270 1331 aetatis
1288 1289 1538 1332 testimoniis
1557 1290 1731 1340 scimus,

97 1356 392 1399 Palatinorum
436 1357 565 1398 fidem
614 1359 786 1415 egregie
832 1358 1018 1415 probari,
1065 1358 1107 1399 in
1139 1358 1430 1401 Ambrosiano
1477 1358 1728 1400 correctoris

98 1427 200 1467 satis
233 1425 346 1467 docti
378 1441 551 1468 manum
583 1427 784 1483 conspici.
833 1427 887 1468 ad
919 1426 1069 1468 Militis
1101 1434 1245 1468 autem
1275 1427 1451 1483 gloriosi
1484 1443 1655 1469 versum
1686 1435 1732 1469 ut

97 1494 290 1545 redeam,
330 1494 669 1537 Ambrosianum
706 1496 789 1538 alio
829 1510 999 1552 quoque
1041 1496 1134 1537 loco
1174 1497 1443 1552 grammatici
1477 1496 1729 1539 correctoris

97 1578 271 1620 operam
315 1571 541 1620 expertum
584 1579 675 1606 esse
723 1565 938 1620 suspicor;
989 1565 1061 1621 qui
1102 1580 1199 1607 cum
1245 1565 1494 1608 exhibuisse
1533 1564 1732 1607 videatur

97 1631 209 1683 ,Nisi
246 1647 377 1675 unum
417 1633 630 1689 epityrum
671 1641 786 1675 estur
823 1634 1022 1675 insanum
1063 1633 1199 1685 bene‘,
1238 1633 1507 1676 desideratur
1538 1635 1611 1684 illi,
1645 1648 1728 1690 quo

97 1715 242 1743 carere
273 1717 355 1743 non
388 1717 639 1758 possumus;
670 1717 748 1759 pro
771 1717 855 1757 quo
889 1717 986 1744 cum
1019 1702 1061 1743 in
1086 1702 1123 1744 P
1145 1703 1314 1759 legatur
1345 1705 1458 1760 apud
1488 1703 1615 1753 illum,
1646 1717 1732 1744 non

97 1770 307 1812 absonum
339 1778 402 1811 est
432 1778 583 1826 putare
631 1772 742 1827 apud
774 1772 887 1812 illum
924 1771 1008 1812 iam
1047 1771 1271 1829 archetypi
1311 1772 1518 1828 principis
1558 1787 1733 1815 versum

96 1839 317 1889 invasisse,
362 1839 477 1881 unde
524 1840 738 1897 expulerit
781 1846 964 1883 metrum
1012 1840 1316 1883 emendaturus
1364 1850 1576 1883 corrector
1621 1841 1730 1883 Am-

96 1906 285 1950 brosiani
316 1908 592 1964 comprobato
622 1909 666 1949 in
697 1908 1024 1965 penthemimeri
1057 1909 1192 1952 hiatu.

659 2217 852 2282 Caput
888 2226 1167 2282 quartum.

209 2374 563 2417 Desideraverint
610 2377 684 2430 qui
728 2376 854 2420 huius
904 2376 1271 2419 commentationis
1317 2377 1496 2419 lectores
1543 2377 1729 2419 existant

96 2444 322 2487 nonnullos
361 2444 494 2494 locos,
541 2444 696 2499 quibus
737 2444 791 2486 ab
830 2446 924 2487 aliis
964 2447 1211 2487 retractatio
1252 2446 1369 2487 facta
1408 2446 1494 2487 iam
1536 2446 1726 2488 indicata

97 2513 163 2555 sit.
226 2527 332 2568 quos
369 2527 422 2554 ne
459 2512 730 2569 neglegentia
772 2514 964 2556 omisisse
996 2513 1173 2564 videar,
1212 2528 1352 2555 meam
1386 2514 1438 2556 de
1467 2514 1533 2555 his
1564 2520 1728 2556 senten-

97 2582 199 2624 tiam
232 2589 443 2638 quatenus
475 2582 766 2624 necessarium
796 2582 1014 2624 videbitur
1047 2597 1260 2638 exponere
1295 2583 1338 2623 in
1368 2583 1512 2624 animo
1543 2590 1619 2624 est.

159 2651 266 2694 Trin.
297 2650 378 2691 207
441 2649 590 2691 Sciunt
624 2650 667 2691 id
700 2650 814 2707 quod
846 2651 889 2692 in
922 2665 1067 2692 aurem
1099 2665 1176 2693 rex
1208 2651 1383 2708 reginae
1414 2651 1584 2701 dixerit,

356 2717 411 2759 P:
446 2717 598 2759 Sciunt
628 2718 743 2772 quod
773 2719 882 2760 Iuno
912 2719 1145 2761 fabulatast
1177 2734 1274 2761 cum
1305 2719 1410 2762 Iove

357 2788 416 2828 A:
449 2787 560 2829 Item
593 2787 732 2829 sciunt
763 2788 807 2829 id
839 2788 953 2842 quod
986 2788 1096 2830 Iuno
1128 2803 1163 2833 e.
1186 2804 1228 2844 q.
1253 2804 1286 2829 s.

95 2855 379 2910 Niemeyerus
411 2871 453 2911 p.
485 2856 539 2897 22
583 2855 663 2898 sibi
696 2856 919 2913 probatam
961 2872 1054 2899 esse
1094 2857 1198 2898 dicit
1230 2856 1416 2901 Vahleni
1454 2855 1722 2908 sententiam,

97 2926 170 2980 qui
204 2926 245 2966 in
278 2924 433 2967 scholis
474 2927 600 2965 sciunt
639 2940 660 2966 e
691 2940 817 2967 versu
849 2925 931 2967 208
971 2925 1245 2967 eximendum
1286 2932 1327 2967 et
1358 2939 1413 2967 ex
1448 2923 1726 2966 Ambrosiani
