2020 3278
860 139 941 181 155

90 275 199 317 Cure.
229 275 312 316 457
345 275 460 332 ,quid
494 275 587 325 hoc,
619 275 732 330 quod
765 276 818 317 ad
851 282 891 316 te
924 274 1060 316 venio‘
1072 290 1081 327 3
1122 287 1218 316 cum
1251 273 1384 315 altero
1426 273 1532 314 Tria.
1556 275 1609 316 97
1642 273 1714 324 ,Et

86 344 120 385 si
152 343 235 384 alia
266 344 349 386 huc
382 358 511 385 causa
544 344 596 385 ad
629 352 669 385 te
700 344 868 396 adveni,
903 358 1083 399 aequom
1115 342 1333 396 postulas‘.

201 413 346 453 Pseud.
383 412 490 453 1283
529 412 783 469 Spengelius
822 411 1175 467 (Reformvorsclzl.
1208 425 1248 465 p.
1288 410 1384 465 186)
1426 424 1523 450 cum
1563 409 1598 450 P
1637 424 1713 465 per

87 488 341 535 anapaestos
375 495 544 522 versum
578 481 638 522 sic
670 480 905 521 dimetitur:

198 548 328 590 Nunc
365 548 418 590 ab
459 564 530 590 ero
568 549 622 590 ad
660 563 778 591 erum
822 563 963 589 meum
1002 547 1204 588 maiorem
1246 545 1371 587 venio
1410 545 1559 587 foedus
1600 560 1707 587 com-

1174 614 1454 656 memoratum
1466 631 1476 665 ;

85 700 110 725 a
149 700 233 741 quo
270 686 314 726 A
355 686 513 741 duplici
552 685 676 727 modo
718 686 930 735 dissentit3
976 683 1106 726 habet
1152 684 1264 725 enim
1312 684 1609 739 comprobatum
1655 692 1710 734 et,

87 752 200 807 quod
232 762 373 795 tamen
406 768 489 794 non
512 768 684 808 prorsus
717 761 880 795 certum
914 754 1166 803 est,‹1‹lz·eni.
1227 752 1371 806 itaque
1394 752 1436 793 A
1458 767 1543 793 non
1575 759 1713 806 potest

84 835 166 862 non
200 821 337 864 redire
372 822 426 863 ad
461 837 628 864 versum
661 822 924 864 trochaicum
958 822 1091 863 hunc:
1133 821 1276 870 ‚Nunc
1308 820 1362 862 ab
1395 835 1466 862 ero
1506 820 1560 861 ad
1593 835 1710 861 erum

83 890 224 931 metim
257 891 460 933 maiorem
493 891 646 932 adveni
678 891 828 932 foedus
861 890 1213 946 comprobatum‘.
1284 904 1386 945 prae
1428 904 1511 946 quo
1556 889 1712 930 Palati-

85 973 235 1000 norum
284 974 430 1001 versus
478 960 658 1016 insignis
705 968 768 1000 est
814 959 944 1001 verbo
985 966 1345 1009 commemoratmn,
1378 958 1493 1015 quod
1538 958 1712 1014 propria

84 1027 254 1069 notione
301 1030 361 1069 ins
402 1028 645 1071 Geclaelztnis
692 1029 957 1084 zm‘z'iclcrufen
1001 1027 1219 1084 aptissime
1270 1027 1430 1069 dictum
1477 1033 1558 1076 est,
1615 1041 1711 1067 cum

89 1098 386 1153 comprobatum
428 1111 449 1138 e
481 1097 692 1138 sententia
723 1111 831 1153 quae
867 1095 1109 1152 postulatur
1143 1095 1336 1145 excidat3
1378 1095 1531 1137 deinde
1563 1095 1607 1136 in
1639 1096 1709 1134 acl-

83 1167 171 1206 veni
199 1165 359 1221 duplex
393 1175 455 1207 est
478 1166 674 1207 offensio:
702 1180 840 1221 neque
865 1165 977 1206 enirn
1000 1173 1166 1221 teinpus
1190 1167 1425 1219 perfectum
1447 1164 1549 1205 ferri
1570 1170 1711 1219 potest

83 1247 162 1275 nec
193 1233 333 1288 placet
364 1249 540 1275 caesura
570 1234 763 1289 legitima
789 1232 958 1274 sublata
992 1233 1305 1289 praepositione
1337 1234 1405 1273 acl.
1466 1233 1548 1274 hoc
1579 1232 1710 1287 igitur

83 1302 176 1343 loco
229 1301 545 1344 Ambrosianus
584 1302 760 1344 dubium
812 1316 893 1342 non
944 1309 1007 1342 est
1051 1302 1152 1356 quin
1194 1301 1422 1343 subditicia
1470 1316 1547 1356 pro
1585 1299 1711 1342 Plau-

83 1371 181 1412 tinis
220 1371 431 1421 venditet3
477 1371 551 1412 sed
600 1372 671 1411 vix
710 1371 868 1427 poteris
906 1370 987 1412 hoc
1023 1370 1115 1411 loco
1158 1371 1217 1411 uti
1261 1370 1315 1411 ad
1352 1385 1524 1411 manum
1558 1377 1708 1425 poetae

83 1438 234 1480 ceteris
271 1439 375 1480 locis
414 1439 732 1491 restituendam,
783 1438 863 1480 nisi
909 1438 1023 1493 quod
1065 1439 1271 1480 Palatinis
1313 1440 1354 1479 in
1405 1454 1445 1479 v.
1490 1439 1597 1481 Τνίιι.
1629 1438 1710 1480 448

84 1507 324 1563 paullulum
371 1507 548 1549 subsidii
601 1507 747 1551 oritur.
823 1506 896 1548 sed
942 1522 994 1548 ne
1050 1507 1151 1561 quid
1205 1507 1333 1556 desit,
1385 1507 1500 1564 quod
1551 1507 1596 1548 in
1646 1507 1711 1547 his

84 1576 294 1631 angustiis
327 1575 500 1631 planum
535 1575 738 1617 iudicium
773 1574 999 1616 obscurare
1022 1576 1170 1631 possit,
1203 1576 1368 1617 accedit
1402 1591 1438 1619 V.
1464 1577 1590 1632 Epicl.
1613 1576 1709 1623 620,

83 1644 156 1686 ubi
187 1645 228 1685 in
251 1644 432 1686 lectione
465 1644 590 1701 ‚[Sed
611 1645 705 1698 quis
736 1646 839 1685 haec
871 1655 934 1685 est
955 1644 1208 1686 muliercula
1239 1652 1279 1685 et
1309 1644 1379 1686 ille
1400 1645 1707 1701 gravastellus]

84 1714 174 1770 qui
220 1713 375 1754 venit‘
416 1712 518 1763 ΑΡ,
566 1713 731 1766 Festusi
768 1713 894 1754 Pauli
940 1728 980 1768 p.
1019 1712 1101 1754 ‘273
1148 1713 1398 1764 concinunt,
1453 1713 1565 1755 idem
1605 1727 1707 1754 vero

83 1781 238 1823 Festus
269 1781 394 1823 Pauli
428 1797 467 1838 p.
499 1781 554 1823 96
585 1784 655 1837 qui
685 1783 844 1823 advenit
876 1780 1061 1825 exhibet.
1074 1783 1108 1837 1)

196 1849 351 1906 Itaque
382 1849 462 1891 hac
493 1849 536 1891 in
565 1864 609 1891 re
642 1865 727 1890 non
758 1849 963 1905 probatur
995 1850 1281 1894 Studemundi
1322 1852 1528 1894 iudicium
1568 1851 1618 1892 de
1651 1865 1709 1891 re-

84 1917 332 1960 censionum
364 1918 623 1968 constantia,
661 1918 736 1960 sed
768 1934 870 1961 sane
903 1919 1032 1961 talem
1065 1921 1351 1962 constantiam
1391 1921 1483 1962 iure
1515 1930 1710 1975 expecta-

82 2002 236 2035 remus,
269 1987 303 2028 si
326 1987 381 2028 ad
403 1995 596 2029 auctores
620 1987 734 2044 ipsos
760 1989 1055 2030 recensionum
1080 1989 1344 2031 differentiae
1368 1988 1575 2038 redirent3
1608 2002 1704 2029 cum

83 2070 185 2097 vero
216 2071 381 2097 summa
412 2055 453 2096 in
486 2065 667 2112 utraque
698 2057 984 2098 inconstantia
1016 2056 1288 2107 observetur,
1329 2072 1469 2098 nonne
1501 2071 1575 2098 eae
1608 2071 1708 2110 quo-

83 2138 166 2178 que
198 2123 464 2165 differentiae
503 2139 555 2165 ex
595 2124 780 2166 histricis
820 2125 1139 2180 exemplaribus
1179 2127 1398 2168 derivatae
1443 2120 1533 2167 esse
1566 2125 1708 2166 viden-

83 2192 231 2249 tur?²)
262 2192 417 2234 similia
439 2193 550 2234 enim
574 2193 782 2248 exempla,
818 2193 972 2250 quibus
997 2202 1091 2250 post
1115 2194 1330 2249 syllabam
1357 2202 1430 2235 aut
1451 2194 1495 2235 in
1518 2193 1708 2235 vocalem

176 2321 200 2361 ¹)
225 2318 436 2353 Dolendum
469 2320 526 2352 est
568 2318 667 2362 quod
702 2318 851 2353 initium
881 2330 1008 2354 versus
1041 2319 1147 2364 Epid.
1175 2320 1239 2354 571
1275 2320 1313 2353 in
1339 2321 1372 2353 A
1399 2319 1474 2364 legi
1499 2319 1647 2363 nequit3
1679 2317 1709 2352 P

83 2375 181 2409 enim
212 2374 390 2409 exhibent
421 2376 567 2409 venienti
597 2386 680 2409 cum
710 2376 820 2410 metri
852 2376 1003 2417 lacuna3
1043 2376 1275 2410 Camerarius
1309 2377 1505 2410 advenienti
1539 2375 1709 2416 coniecit,

83 2431 181 2475 quod
205 2442 333 2465 verum
359 2442 437 2466 esse
455 2431 613 2466 videtur.
663 2432 821 2476 denique
846 2445 892 2467 ne
910 2433 999 2477 quid
1031 2433 1239 2477 neglexisse
1264 2433 1402 2475 videar,
1429 2433 1493 2467 has
1519 2432 1631 2466 affero
1657 2431 1710 2465 di-

81 2488 277 2522 versitates
295 2488 518 2533 scripturae:
546 2488 652 2523 Stich.
679 2489 743 2524 237
770 2488 851 2532 al),
879 2491 967 2523 venit
983 2490 1030 2532 A,
1056 2489 1101 2524 cf.
1128 2501 1209 2534 pag.
1231 2490 1304 2524 153.
1333 2490 1461 2524 Pseud.
1482 2490 1545 2524 737
1572 2489 1709 2523 advenit

83 2544 129 2586 A,
155 2544 252 2578 adest
277 2543 308 2578 P
334 2555 380 2579 ex
403 2545 629 2580 recensione.

197 2613 224 2654 ²)
251 2612 424 2646 Ceterum
448 2624 523 2646 non
544 2613 667 2646 nescio
694 2613 806 2647 etiam
830 2624 931 2648 mero
965 2614 1202 2649 librariorum
1230 2625 1353 2648 errore
1379 2614 1532 2648 eandem
1557 2613 1708 2648 diversi-

83 2670 199 2702 tatem
224 2668 262 2702 in
292 2668 482 2703 codicibus
516 2680 711 2713 apparere,
746 2669 810 2704 sed
843 2670 907 2703 vix
941 2671 1019 2704 sine
1042 2671 1240 2715 perspicua
1271 2682 1387 2705 causa.
1437 2671 1516 2704 Aul.
1539 2670 1604 2705 752
1629 2670 1708 2711 ‚tibi

83 2723 182 2758 ultro
209 2725 456 2769 supplicatum
489 2725 608 2759 venio*
633 2725 804 2766 BDEJ,
834 2727 981 2760 advenio
1011 2727 1065 2761 ed.
1091 2728 1208 2771 princ.
1241 2738 1286 2762 ex
1311 2739 1343 2761 v,
1370 2727 1434 2762 739
1467 2731 1622 2768 ‚oratum
1648 2726 1710 2760 ad-

84 2780 214 2815 venio‘.
263 2781 308 2815 de
332 2781 521 2825 praesenti
547 2784 712 2825 tempore
745 2794 819 2816 non
852 2794 928 2816 esse
959 2794 1041 2817 cum
1068 2783 1222 2818 Goetzio
1254 2783 1499 2817 dubitandum
1531 2793 1574 2816 ex
1608 2783 1709 2817 locis.

84 2847 175 2880 quos
200 2837 347 2881 collegi,
372 2837 622 2882 intellegetur.
663 2839 787 2884 Amph.
814 2840 880 2873 532
909 2850 1004 2878 ‚nam
1031 2851 1104 2883 qua
1129 2843 1237 2873 nocte
1262 2839 1308 2872 ad
1333 2850 1390 2873 me
1415 2839 1560 2872 venisti·
1586 2837 1709 2873 BDJ.

84 2892 268 2938 advenisti
293 2893 324 2927 E
349 2896 503 2937 propter
526 2895 745 2928 antecedens
771 2896 818 2929 acl
846 2907 914 2937 me,
947 2899 988 2929 ut
1013 2897 1122 2930 lisere.
1149 2897 1215 2931 259
1240 2895 1297 2936 ,ad
1321 2906 1453 2929 navem
1478 2894 1652 2928 advehor‘
1680 2894 1708 2929 P

84 2961 150 2994 pro
178 2951 332 2984 devehor.
360 2955 521 2985 ceterum
548 2950 649 2986 vides
676 2950 868 2986 librarium
894 2962 1055 2986 errorem
1081 2952 1206 2986 statim
1232 2952 1444 2987 correxisse.
