2020 3278
890 160 968 200 167

111 310 222 352 quae
255 296 295 337 in
327 297 371 338 A
394 297 502 338 Trin.
535 296 632 346 651,
666 295 864 338 videlicet
895 311 946 337 ne
979 295 1111 338 verba
1142 310 1304 352 operam
1335 297 1447 345 dare,
1479 310 1589 352 quae
1611 295 1737 338 unius

114 363 233 404 verbi
265 363 480 405 notionem
512 364 682 418 habent,
717 365 986 406 dirimantur.

172 443 258 487 Cas.
290 442 364 485 III
395 445 435 494 6,
474 444 528 486 24
572 443 695 498 ,Tam
742 443 846 485 mihi
886 459 979 485 mea
1012 443 1122 493 vita,
1169 441 1264 486 Tua
1303 458 1433 499 quam
1472 442 1554 485 tibi
1586 450 1739 485 carast‘

111 512 174 563 A;
207 527 350 567 ‚quam
383 520 456 555 tua
487 513 563 555 tibi
596 519 747 555 carast‘
778 511 828 553 P.

226 581 278 622 In
310 581 375 622 his
417 596 501 623 non
535 588 623 623 tam
659 580 822 622 fervide
855 594 1001 635 agam,
1042 587 1089 622 ut
1118 594 1272 636 negem
1311 594 1414 622 casu
1453 581 1635 622 fortasse
1672 580 1742 622 hic

110 650 196 691 illic
228 664 311 691 non
336 650 512 692 consilio
546 648 755 692 eiusmodi
785 649 1044 691 mutationes
1076 656 1246 690 exortas
1279 663 1370 690 esse
1400 649 1467 691 vel
1500 649 1590 691 fieri
1620 664 1743 707 posse

111 727 156 760 ut
187 718 296 761 inter
326 719 442 760 locos
475 726 744 761 enumeratos
776 734 887 761 unus
920 718 1080 760 alterve
1103 723 1236 768 extet,
1269 732 1353 773 quo
1386 717 1619 773 simplicior
1651 732 1740 760 ver-

109 787 258 829 borum
299 787 402 829 ordo
442 787 496 828 ad
527 788 668 843 ipsum
701 787 908 830 Plautum
951 787 1199 829 referendus
1231 788 1306 836 sit3
1346 801 1444 827 nam
1478 793 1601 830 caute
1635 786 1741 830 iudi-

111 856 295 898 candum
337 870 428 897 esse
468 870 517 896 ea
548 871 614 897 res
653 871 729 898 nos
762 864 926 910 monet,
970 856 1084 911 quod
1122 855 1338 897 interdum
1375 855 1616 912 exquisitae
1653 870 1742 897 ver-

108 924 258 967 borum
274 923 562 966 collocationis
585 924 771 980 speciem
793 924 992 967 fallacem
1015 939 1106 966 esse
1126 923 1221 965 aliis
1243 922 1481 966 rationibus
1506 923 1738 973 evincitur3

111 993 228 1036 velut
264 994 372 1035 Trin.
405 993 461 1035 94

223 1073 277 1115 P:
310 1072 396 1116 Sed
428 1080 473 1115 tu
505 1072 557 1115 ex
593 1073 743 1115 amicis
777 1073 901 1115 certis
934 1073 991 1115 mi
1023 1088 1066 1115 es
1099 1072 1362 1115 certissimus

221 1141 285 1184 A:
319 1141 405 1184 Sed
437 1148 483 1184 tu
516 1141 568 1183 cx
601 1142 749 1184 amicis
780 1143 838 1184 mi
871 1142 913 1185 es
944 1142 1072 1184 certis
1099 1141 1363 1184 certissimus

108 1220 423 1265 Ambrosianus
456 1222 588 1264 verba
619 1223 758 1264 amicis
788 1224 901 1264 certis
933 1222 1146 1279 dirempta
1183 1220 1258 1262 sed
1289 1219 1560 1262 foedissimos
1599 1234 1741 1261 nume-

106 1306 176 1333 ros
207 1289 348 1334 habet.

171 1359 278 1401 Τινίη.
309 1359 394 1402 470
424 1360 486 1401 A:
537 1358 767 1415 ,Adposita
799 1373 904 1400 cena
935 1360 1000 1401 sit‘
1011 1375 1021 1409 3
1060 1358 1116 1401 P:
1149 1356 1379 1414 ,Adposita
1412 1357 1465 1399 sit
1496 1357 1614 1400 cena‘
1647 1372 1742 1399 cum

106 1428 209 1470 vitio
241 1428 430 1470 metrico.

163 1509 255 1550 Mil.
285 1509 387 1565 ylor.
421 1508 500 1550 157

219 1576 275 1619 P:
306 1576 367 1618 Ni
409 1577 550 1619 hercle
594 1576 868 1632 diffregeritis
907 1576 1016 1618 talos
1054 1576 1234 1633 posthac
1272 1589 1485 1630 quemque
1515 1574 1557 1615 in
1588 1574 1743 1630 tegulis

303 1645 510 1688 Videritis
543 1645 743 1696 alienum,
777 1659 858 1702 ego
890 1652 1034 1687 vostra
1064 1645 1222 1687 faciam
1253 1644 1388 1687 latera
1418 1643 1534 1686 lorea

220 1716 282 1759 A:
315 1713 522 1756 Videritis
554 1714 754 1765 alienum,
785 1721 930 1756 vestra
962 1729 1041 1771 ego
1070 1714 1228 1756 faciam
1258 1713 1396 1754 latera
1425 1711 1555 1754 lorea.

105 1783 404 1826 Palatinorum
436 1783 652 1838 scriptura
681 1781 1007 1825 commendatur
1038 1797 1078 1823 v.
1110 1782 1259 1825 Pseud.
1294 1781 1375 1822 145

218 1852 289 1894 Ita
319 1866 399 1909 ego
430 1859 574 1894 vostra
605 1853 743 1894 latera
773 1851 874 1894 loris
906 1850 1063 1894 faciam
1096 1850 1237 1892 valide
1268 1849 1389 1891 varia
1419 1857 1466 1892 ut
1497 1848 1595 1890 sint.

161 1933 308 1974 Pseud.
341 1932 425 1975 390
455 1932 498 1974 in
529 1933 574 1975 A
606 1940 688 1976 est:

220 2000 359 2044 Pauci
391 2015 444 2043 ex
477 2001 622 2044 multis
654 2007 753 2043 sunt
785 1999 929 2050 amici,
961 1999 1126 2041 homini
1160 1998 1262 2041 certi
1294 1998 1368 2054 qui
1399 1998 1509 2040 sient

104 2069 161 2112 P:
192 2070 263 2126 qui
291 2071 388 2111 certi
415 2071 526 2111 sient.

160 2151 252 2192 Mil.
282 2151 383 2206 qlor.
415 2149 498 2192 265

217 2219 282 2260 A:
312 2217 429 2259 Novi
460 2231 622 2258 morem
654 2224 847 2272 egomet:
879 2223 1021 2259 tacere
1054 2231 1234 2271 nequeo,
1267 2217 1381 2259 solus
1415 2217 1528 2274 quod
1560 2217 1659 2258 scio.

103 2286 148 2327 in
178 2286 216 2328 Ρ
253 2300 352 2328 cum
383 2287 492 2342 quod
530 2285 660 2337 desit,
702 2284 881 2327 Brixius
919 2285 962 2326 in
1000 2284 1297 2327 Palatinorum
1337 2285 1572 2341 archetypo
1608 2283 1738 2326 fuisse

105 2369 309 2412 ,nequeo
349 2354 487 2410 quod
526 2353 639 2395 solus
678 2354 779 2395 scio‘
822 2360 935 2395 recte
967 2353 1151 2409 collegit.
1214 2368 1353 2395 nonne
1386 2354 1451 2394 his
1491 2353 1593 2394 locis
1624 2351 1739 2394 idem

104 2422 362 2465 recensionis
393 2437 542 2479 genUS,
575 2421 691 2477 quod
725 2437 855 2479 supra
879 2422 1216 2476 observavimus,
1250 2422 1291 2464 in
1317 2422 1354 2464 P
1386 2435 1594 2478 apparere
1626 2420 1738 2462 vide-

104 2491 203 2535 tur‘?
235 2500 277 2533 at
308 2506 453 2533 eorum
486 2492 741 2547 scripturam
773 2506 920 2533 veram
961 2505 1054 2534 esse
1086 2491 1351 2534 demonstrat
1381 2489 1638 2533 reconditior
1668 2490 1736 2530 lex

103 2559 370 2616 rhythmica,
409 2574 519 2614 quae
550 2560 595 2600 in
625 2560 669 2601 A
699 2559 897 2615 neglecta
927 2567 1004 2603 est.
1063 2560 1241 2602 Brixius
1280 2560 1393 2601 enim
1436 2558 1738 2600 animadvertit

104 2628 308 2671 Plautum
338 2628 383 2670 in
405 2628 485 2669 hoc
516 2628 639 2670 metri
661 2643 817 2684 genere
838 2629 990 2679 vitare,
1023 2629 1058 2669 si
1088 2629 1179 2670 fieri
1202 2630 1349 2684 possit,
1381 2627 1486 2669 tales
1511 2635 1735 2668 accentus:

104 2697 207 2738 so'Zus
230 2697 338 2753 quod
369 2698 459 2744 scio,
493 2697 589 2737 edrti
609 2699 680 2752 qui
706 2699 829 2746 sient,·
859 2697 1077 2739 adamavit
1111 2708 1254 2740 autem
1286 2698 1393 2753 quo'd
1420 2697 1520 2738 solu's
1549 2697 1639 2745 scio,
1671 2696 1743 2750 quz'

105 2766 203 2806 certi
236 2766 355 2813 sient;
395 2764 447 2808 cf.
478 2763 656 2807 Brixius
693 2766 738 2807 in
770 2780 868 2821 app.
906 2766 998 2807 crit.
1029 2766 1085 2807 ad
1124 2767 1215 2808 Mil.
1246 2767 1346 2822 ylor.
1379 2765 1474 2807 265.
1536 2763 1654 2805 vides
1692 2763 1737 2804 in

108 2832 385 2890 exquisitiore
427 2833 495 2875 vel
535 2833 792 2889 simpliciore
833 2833 1063 2876 verborum
1104 2835 1382 2877 collocatione
1430 2831 1737 2875 adminiculum

112 2903 216 2943 artis
250 2901 424 2943 criticae
454 2901 717 2943 factitandae
750 2916 850 2943 sane
882 2902 1004 2944 nobis
1035 2903 1244 2958 praeberi,
1277 2902 1352 2943 sed
1383 2916 1468 2956 quo
1499 2899 1740 2943 cautissime

114 2970 322 3014 utendum
371 2978 446 3011 est.
508 2985 640 3028 pergo
692 2977 835 3013 autem
887 2971 930 3012 in
977 2972 1185 3013 eiusmodi
1238 2969 1576 3019 diversitatibus,
1630 2983 1739 3028 quae
