2020 3278
874 161 926 201 27

94 303 184 343 Mil.
207 302 305 355 ylor.
333 299 439 341 1275
484 299 542 341 B:
576 299 678 355 quid
712 299 798 340 volt
829 313 895 340 mc
927 299 1067 339 facere
1098 296 1209 338 ista?
1231 297 1247 353 ΙΙ
1271 296 1343 338 Ad
1375 296 1448 337 sed
1483 311 1567 346 eas,

566 368 644 410 CI)
678 367 732 409 ad
766 382 810 409 se
841 373 897 409 ut
928 381 1012 416 eas,

90 452 229 480 nonne
268 437 308 478 in
346 436 527 492 proclivi
566 444 628 478 est
667 436 883 485 conicere,
924 435 1035 476 hanc
1073 449 1242 489 quoque
1283 433 1613 488 discrepantiam
1655 434 1715 474 sic

90 504 404 561 expediendam
437 519 550 554 esse,
593 512 637 545 ut
669 503 774 545 illud
812 505 942 560 z‘pmm
976 504 1043 545 vel
1084 512 1125 544 ut
1157 503 1384 545 frustulum
1425 502 1477 543 sit
1508 502 1717 557 deperditi

90 589 238 616 versus
275 572 404 622 74821‚
442 572 514 627 qui
553 572 594 613 in
635 572 768 614 altera
807 573 1054 614 recensione
1095 571 1391 613 coniunctione
1429 579 1470 611 nt
1510 570 1717 625 superiori

91 642 231 684 versui
263 640 527 690 subiunctus,
559 640 601 681 in
635 640 769 682 altera
807 655 832 681 a
863 654 990 681 versu
1022 640 1103 681 748
1141 639 1338 695 graviore
1379 638 1718 694 interpunctione
1769 671 1771 673 .

92 711 318 753 distinctus
349 709 487 763 fuerit,
521 709 575 750 ad
608 709 720 750 hunc
751 709 839 751 fere
870 709 1062 751 modum:

147 780 202 821 P:
235 779 354 821 MR:
389 778 498 819 Vide
531 777 565 818 si
598 777 680 819 hoc
711 777 859 819 utibile
893 777 1029 833 magis
1062 783 1189 830 atque
1221 776 1263 816 in
1297 789 1385 816 rem
1418 775 1613 831 deputas,

377 845 433 888 Ut
465 845 614 903 [adeas
644 845 963 888 adulescentem
990 852 1030 886 et
1061 859 1150 886 rem
1172 859 1340 886 omnem
1363 844 1400 886 ei
1430 843 1622 885 creduas.

175 915 349 958 CALL.
372 915 430 957 Ut
455 914 555 971 ego]
591 915 739 957 adeam
771 913 1057 956 Lesbonicum
1092 928 1126 954 e.
1159 928 1199 968 q.
1232 928 1263 956 s,

149 985 212 1026 A:
380 1015 388 1024 .
479 1015 487 1023 .
577 1017 586 1026 .
676 1015 684 1023 .
775 1019 782 1027 .
873 1015 882 1023 .
971 1014 980 1022 .
1042 981 1244 1037 deputas:

375 1051 525 1107 Ipsum
557 1052 687 1093 adeas
720 1051 1034 1093 adulescentem
1066 1066 1101 1092 e.
1134 1065 1173 1105 q.
1205 1065 1237 1091 s.

96 1121 130 1163 si
180 1121 292 1162 hanc
338 1121 591 1161 sententiam
637 1120 953 1175 amplectimur,
1006 1125 1101 1160 utra
1153 1117 1364 1173 scriptura
1410 1115 1634 1157 retinenda
1669 1115 1722 1156 sit

98 1189 324 1231 diiudicari
347 1204 429 1230 non
460 1197 617 1244 posset,
650 1189 732 1229 nisi
755 1203 807 1230 ex
838 1187 1078 1242 insequenti
1103 1202 1229 1228 versu
1254 1184 1419 1240 aliquid
1446 1183 1722 1226 lucraremur.

97 1258 185 1299 sine
223 1256 352 1298 dubio
391 1257 503 1298 enim
543 1271 712 1297 versum
745 1257 828 1298 750
858 1255 1136 1298 Ambrosiani
1174 1262 1386 1296 corrector
1417 1251 1573 1307 attigit,
1614 1258 1654 1292 et
1683 1251 1718 1292 is

101 1326 273 1382 quidem
306 1341 388 1367 non
421 1326 667 1376 sententiae,
700 1325 773 1367 sed
805 1325 926 1366 metri
959 1323 1226 1365 solummodo
1249 1320 1502 1364 restituendi
1525 1319 1721 1375 cupidus.

98 1395 140 1436 in
171 1394 208 1436 P
241 1394 353 1435 enim
377 1409 473 1435 cum
495 1394 823 1450 interpolatione
855 1394 915 1434 sic
938 1392 1113 1448 legitur:
1146 1391 1247 1444 ‚Sed
1271 1398 1318 1432 ut
1342 1404 1421 1445 ego
1446 1402 1557 1430 nunc
1581 1387 1722 1429 adule-

97 1464 230 1506 scenti
261 1463 538 1504 thensaurum
583 1463 768 1503 indicem
781 1463 830 1506 ‘?‘·
886 1463 976 1509 sed,
1009 1460 1123 1516 quod
1154 1459 1275 1501 initio
1313 1457 1513 1500 orationis
1545 1457 1724 1498 fortasse

97 1532 273 1574 haberet
320 1547 403 1586 quo
450 1531 773 1581 defenderetur,
824 1539 920 1586 post
966 1546 1004 1571 v.
1046 1529 1127 1571 749
1167 1527 1336 1571 Callicli
1382 1526 1647 1568 vindicatum
1679 1533 1726 1567 ut

101 1601 291 1656 ineptum
323 1600 628 1642 removendum
662 1607 724 1641 est
736 1600 791 1655 ¹),
823 1614 908 1654 quo
938 1601 1051 1640 facto
1082 1598 1123 1639 in
1148 1597 1184 1639 P
1215 1597 1379 1653 integer
1411 1610 1559 1637 versus
1583 1594 1726 1636 evadit

99 1669 251 1711 Plauto
284 1668 337 1710 ab
367 1668 479 1710 omni
514 1675 634 1723 parte
658 1668 827 1724 dignus.
889 1668 991 1724 quid
1015 1682 1116 1709 vero
1160 1666 1234 1707 A?
1273 1672 1441 1707 servato
1462 1665 1550 1712 secl,
1588 1663 1726 1704 deleto

102 1746 154 1786 ut,
187 1737 445 1792 transposito
478 1751 547 1792 eqo
568 1752 670 1777 nunc
692 1743 872 1777 metrum
896 1750 996 1778 sane
1029 1743 1279 1785 correctum,
1311 1733 1520 1775 sententia
1541 1747 1727 1789 pessum-

100 1805 200 1846 data
232 1813 306 1848 est.
364 1804 564 1858 quoniam
605 1813 746 1844 autem
778 1803 897 1844 initio
928 1818 1129 1845 versuum
1160 1803 1239 1844 747
1273 1810 1314 1844 et
1346 1802 1429 1844 750
1459 1801 1726 1858 grammatici

101 1875 312 1916 industria
342 1873 680 1915 Ambrosianum
713 1871 1015 1927 interpolatum
1048 1887 1138 1913 esse
1170 1871 1368 1920 vidimus,
1403 1886 1486 1912 non
1519 1869 1726 1911 absonum

99 1952 201 2000 puto
233 1943 276 1984 in
315 1943 454 1984 medio
487 1957 656 1997 quoque
688 1956 813 1983 versu
846 1941 947 1990 (748
962 1941 1000 1996 a)
1040 1940 1244 1981 maiorem
1269 1939 1395 1981 fidem
1429 1939 1467 1980 ei
1491 1937 1728 1980 recensioni

99 2012 277 2061 habere,
332 2026 441 2066 quae
488 2026 616 2066 quam
663 2017 861 2052 accurate
912 2009 992 2050 hoc
1039 2008 1211 2064 quidem
1260 2008 1352 2050 loco
1389 2022 1442 2049 ex
1492 2006 1726 2062 archetypo

101 2081 314 2136 descripta
362 2079 415 2121 sit
466 2094 592 2121 versu
640 2078 722 2120 750
765 2077 959 2133 inprimis
1005 2076 1332 2119 demonstratur.
1407 2075 1573 2117 accedit
1613 2073 1727 2129 quod

101 2148 310 2190 Palatinis
340 2148 456 2189 favet
487 2147 604 2189 locus
628 2146 867 2188 simillimus
899 2146 991 2186 Mil.
1016 2146 1070 2200 ql.
1103 2144 1206 2186 237:
1237 2144 1382 2198 ,Nunc
1414 2144 1489 2185 sic
1520 2143 1728 2184 rationem

100 2217 361 2272 incipissam,
393 2216 526 2257 hanc
558 2216 776 2257 instituam
809 2214 1009 2255 astutiam
1036 2214 1052 2271 Η
1088 2213 1148 2256 Ut
1169 2239 1218 2243 —
1238 2213 1406 2254 dicam.‘

214 2285 359 2326 Pseud.
386 2285 494 2326 1187
555 2284 673 2327 Simo
708 2292 748 2325 et
775 2283 918 2325 Ballio
941 2283 1061 2324 senes
1083 2282 1339 2338 Harpagem
1362 2281 1569 2329 caculam,
1601 2293 1728 2333 quem

102 2353 265 2395 scilicet
311 2368 335 2394 a
380 2353 597 2394 Pseudulo
643 2352 709 2393 sui
750 2351 1034 2393 defraudandi
1082 2366 1211 2392 causa
1251 2351 1518 2405 suppositum
1565 2355 1729 2403 putant,

101 2422 386 2475 ludificantes,
439 2421 588 2476 quanti
639 2428 835 2462 ornatum
881 2420 1108 2460 militarem
1161 2434 1185 2460 a
1231 2419 1416 2474 chorago
1463 2416 1730 2465 conduxerit,

101 2491 379 2545 interrogant.
443 2497 569 2544 atque
599 2489 698 2530 inde
721 2503 746 2529 a
768 2504 805 2530 v.
833 2488 942 2529 1186
964 2488 1260 2529 Palatinorum
1282 2487 1387 2528 haec
1410 2494 1473 2527 est
1495 2485 1726 2539 scriptura:

575 2557 678 2612 quid
709 2556 916 2598 mercedis
948 2564 1121 2611 petasus
1152 2555 1277 2597 hodie
1310 2554 1480 2596 domino
1512 2552 1729 2594 demeret?

217 2626 401 2668 HARP.
435 2627 546 2681 Quoi
567 2625 770 2667 domino?
802 2624 905 2680 quid
928 2625 1031 2666 socii
1056 2626 1131 2680 (=
1152 2624 1313 2680 socci)'?
1346 2622 1448 2678 quid
1481 2620 1728 2663 somniatis?

645 2708 738 2736 mea
770 2694 941 2749 quidem
974 2694 1080 2735 haec
1110 2693 1249 2735 habeo
1281 2692 1435 2734 omnia.

221 2885 247 2928 ¹)
277 2885 426 2919 Brixius
459 2886 532 2919 tria
570 2886 739 2930 exempla
772 2886 873 2920 vocis
906 2887 966 2919 sed
990 2896 1182 2930 perperam
1226 2884 1351 2918 illatae
1386 2883 1495 2917 citat:
1545 2882 1638 2915 Trin.
1665 2881 1731 2915 595

104 2942 231 2976 Pseud.
257 2942 321 2976 992
354 2942 434 2976 Mil.
458 2943 546 2986 ylor.
572 2943 645 2977 205.
696 2941 791 2977 addo
826 2942 905 2977 Mil.
931 2942 1019 2986 ylor.
1054 2942 1120 2977 398
1163 2941 1268 2975 Stich.
1301 2941 1369 2975 394
1404 2940 1481 2974 Cas.
1515 2938 1580 2972 619
1614 2937 1731 2984 Gepp.

105 2999 184 3033 Mil.
210 2998 298 3044 (χῖον,
323 2997 389 3033 574
413 2999 468 3042 (2²).
