2020 3278
1070 116 1149 159 102

296 257 411 298 Most..
444 255 528 298 509
565 255 607 296 in
650 255 926 295 adclzeromem
964 253 1081 309 (OD)
1133 254 1265 294 latere
1307 253 1390 293 iam
1432 251 1656 307 Hasperus
1698 251 1767 303 (de
1803 252 1923 295 Poen.

298 325 409 381 dupl.
442 339 500 367 em.
532 338 572 378 p.
595 323 671 378 26)
703 322 1016 363 animadvertit.
1079 322 1120 362 in
1152 328 1332 377 utraque
1365 329 1508 362 autem
1531 320 1776 361 recensione
1808 326 1926 360 extat

296 393 522 435 bracchium
578 392 669 432 Mil.
700 392 800 446 9202».
842 392 897 433 30
935 381 1153 445 (uacuum
1195 389 1252 445 B)
1291 397 1332 430 ot
1363 390 1509 429 ostend.
1542 388 1644 438 708,
1694 388 1737 428 in
1771 387 1803 428 Ρ
1834 388 1925 430 Miz.

296 463 395 518 ⁸‹Jlo‘tn
441 461 507 502 26,
554 460 622 502 27.
672 460 793 502 1180.
861 459 972 502 True.
1019 459 1116 501 783.
1192 459 1314 500 Poeu.
1364 457 1472 499 1269
1522 456 1786 497 bracchialem
1829 454 1926 498 AB.

408 529 568 571 Forma
579 530 796 585 pm‘stinum
814 529 1092 583 :pistrimmz,
1119 527 1170 568 de
1190 541 1274 583 qua
1298 526 1383 582 egit
1403 525 1666 567 Ritschelius
1693 524 1768 580 Op.
1782 524 1850 580 ph.
1875 523 1926 565 II

296 614 336 655 p.
354 598 450 648 459,
475 612 528 638 ex
554 596 654 638 solis
671 596 708 638 P
732 604 984 650 recuperata
1007 602 1089 645 est3
1110 604 1228 637 extat
1252 595 1364 636 enim
1383 595 1528 637 Pseud.
1549 594 1670 636 1060.
1696 593 1806 633 Pers.
1828 591 1925 635 420.

296 667 421 723 Epid.
457 666 549 708 145.
608 665 652 706 in
674 665 718 706 A
740 665 886 705 Pseud.
914 663 1021 706 1060
1052 670 1092 705 et
1117 665 1226 707 Pers.
1250 663 1334 704 420
1360 664 1579 719 pistrinum
1601 668 1826 702 exaratum
1853 668 1926 702 est.

410 734 632 777 Gravioris
664 733 866 775 momenti
898 739 961 774 est
992 731 1111 786 quod
1142 733 1182 773 in
1216 732 1316 773 solis
1347 731 1384 773 P
1415 730 1581 785 priscae
1612 728 1928 783 coniugationis

297 803 477 860 vestigia
519 803 732 860 quaedam
772 801 1032 844 oblivionem
1071 802 1289 856 fugerunt.
1350 814 1448 840 nam
1480 797 1723 839 terminatio
1764 797 1929 852 primae

297 886 506 928 personae
543 871 674 913 futuri
717 886 794 923 em,
834 885 918 924 qua
959 869 1165 911 Catonem
1206 884 1328 910 usum
1370 881 1460 908 esse
1499 865 1791 921 Quintilianus
1823 866 1929 920 (inst.

297 956 352 985 or.
383 940 408 982 I
437 943 477 990 7,
509 939 582 996 23)
614 939 734 980 testis
766 946 840 987 est,
874 939 916 978 in
937 938 974 979 P
996 944 1199 992 quattuor
1230 936 1337 978 locis
1369 943 1538 977 servata
1560 942 1642 976 est:
1676 935 1822 975 Pseud.
1848 933 1930 976 214

289 1011 444 1066 faeiem
484 1008 566 1058 131,
609 1008 691 1048 946
725 1009 915 1063 accipian
944 1005 1004 1056 B,
1047 1007 1165 1047 Most.
1204 1005 1288 1046 914
1327 1006 1516 1060 aeeipiem
1557 1002 1659 1053 OD,
1705 1003 1816 1044 True.
1848 1001 1930 1043 963

297 1079 421 1118 sinem
446 1075 595 1119 BOD.
657 1090 839 1130 quorum
869 1090 1071 1117 versuum
1103 1074 1146 1115 in
1175 1074 1219 1115 A
1251 1080 1435 1115 aetatem
1467 1072 1561 1113 tulit
1594 1071 1736 1112 nullus
1764 1077 1932 1127 praeter

298 1146 444 1188 Pseud.
476 1144 580 1194 214,
619 1143 695 1185 ubi
732 1143 846 1184 illius
877 1144 1039 1184 formae
1071 1142 1305 1196 antiquitas
1339 1151 1383 1182 ut
1415 1143 1459 1182 in
1491 1140 1657 1182 B²OD
1688 1139 1933 1181 oblitterata

298 1220 362 1255 est
392 1212 603 1268 scriptura
626 1212 799 1268 faciam.
832 1211 883 1255 ef.
916 1210 1132 1266 Bergkius
1164 1209 1210 1250 Z.
1243 1211 1274 1262 f.
1308 1211 1359 1250 A.
1392 1210 1451 1250 W.
1488 1209 1595 1251 1855
1627 1223 1668 1263 p.
1700 1208 1797 1258 297,
1835 1208 1930 1248 Iud.

297 1283 413 1324 schol.
446 1282 546 1325 Hal.
584 1280 733 1336 1858s9
764 1296 804 1336 p.
830 1279 882 1327 V,
915 1280 1043 1322 Beier.
1077 1295 1110 1320 z.
1144 1279 1212 1319 lat.
1250 1278 1432 1321 Gramm.
1464 1293 1506 1333 p.
1537 1277 1605 1320 97.
1649 1275 1703 1319 G.
1736 1275 1932 1317 Loewius

298 1353 389 1393 Act.
421 1366 494 1392 soc.
519 1350 634 1406 Lips.
660 1348 700 1391 V
739 1364 779 1404 p.
804 1348 884 1391 317
918 1362 980 1402 sq.
1042 1347 1222 1388 alterum
1266 1354 1328 1388 est
1360 1347 1473 1401 quod
1510 1345 1805 1387 Palatinorum
1853 1357 1932 1400 ope

299 1420 446 1462 aoristi
492 1418 614 1461 latini
656 1417 864 1474 reliquiae
909 1416 952 1457 in
992 1415 1137 1456 Plauti
1185 1425 1387 1469 quattuor
1431 1415 1534 1456 locis
1585 1414 1776 1455 detectae
1816 1421 1932 1454 sunt:

298 1489 410 1530 Pers.
442 1487 524 1530 816
577 1488 724 1542 attiyas
755 1485 880 1528 CDl.
950 1486 1077 1542 Epid.
1120 1484 1200 1526 723
1241 1487 1387 1539 attiyas
1426 1484 1474 1524 B.
1536 1484 1653 1526 Most.
1692 1482 1774 1524 468
1812 1481 1934 1523 Pala-

301 1557 485 1598 tinorum
528 1555 671 1612 apices
718 1557 867 1610 atiyate
907 1553 961 1594 ad
1000 1555 1257 1607 scripturam
1297 1555 1477 1608 attiyatis
1515 1551 1695 1593 redeunt
1734 1550 1929 1598 eandem,

302 1640 431 1680 quam
475 1623 707 1666 Diomedes
738 1623 763 1664 I
803 1638 843 1678 p.
876 1623 958 1663 378
996 1621 1184 1677 praebet.
1262 1622 1374 1662 True.
1399 1621 1482 1663 276
1527 1622 1674 1675 attiyas
1711 1619 1761 1669 P,
1810 1619 1851 1660 in
1892 1616 1933 1659 A

300 1695 474 1749 (ittinyas
492 1692 677 1734 dilucide
696 1691 901 1746 scriptum
919 1698 994 1731 est.
1042 1691 1189 1732 Bacch.
1207 1690 1292 1732 445
1319 1691 1467 1745 attiqas
1493 1688 1670 1737 Nonius,
1694 1689 1869 1743 attinyas
1884 1686 1933 1727 P.

418 1762 565 1802 Pseud.
598 1762 681 1802 840
714 1761 874 1817 fervent
913 1760 958 1800 A
996 1767 1130 1807 recte;
1173 1759 1226 1801 cf.
1266 1757 1442 1799 Brixius
1476 1757 1529 1798 ad
1574 1757 1666 1797 Mil.
1696 1756 1796 1811 ylor.
1829 1755 1934 1805 2053

303 1832 451 1875 fervent
483 1829 531 1872 P.
602 1830 709 1871 Trz'n.
748 1829 853 1869 1075
886 1830 1011 1869 vivont
1045 1827 1088 1880 Ρ,
1123 1828 1255 1867 vivunt
1285 1827 1340 1869 A.

418 1898 539 1939 Stich.
572 1897 653 1938 328
686 1897 917 1952 delinquont
947 1895 997 1945 P,
1030 1896 1265 1950 delinquunt
1296 1894 1352 1936 A.

421 1967 533 2007 Truc.
568 1966 647 2008 198
679 1967 926 2021 opperimino
957 1965 1020 2014 A;
1052 1965 1232 2019 opperire
1264 1963 1321 2003 ibi
1350 1961 1400 2003 P.

421 2036 526 2076 Tria.
560 2035 643 2076 215
674 2035 838 2075 insciens
869 2030 935 2086 A3
968 2034 1112 2074 inscius
1143 2032 1176 2072 P
1209 2031 1331 2072 male.

423 2103 530 2144 Trin.
564 2102 643 2143 743
676 2103 909 2143 incolumem
942 2102 979 2142 A
1012 2115 1063 2142 ex
1097 2099 1357 2148 recensione,
1391 2098 1568 2139 columen
1597 2096 1645 2139 P.

425 2173 530 2213 Trin.
564 2172 618 2214 85
650 2172 842 2212 columine
872 2170 928 2220 A,
962 2170 1130 2210 eulmine
1160 2168 1197 2209 P
1208 2185 1217 2218 3
1250 2169 1377 2224 Epid.
1413 2168 1493 2209 189
1525 2167 1700 2206 columen
1730 2164 1779 2206 P.

418 2241 507 2284 Mil.
539 2241 637 2296 ylor.
671 2239 748 2282 201
784 2254 912 2280 severo
935 2239 1073 2295 flente
1105 2237 1160 2285 A,
1192 2252 1323 2278 severa
1355 2235 1416 2285 P;
1451 2236 1503 2276 cf.
1538 2234 1711 2275 Brixius
1743 2232 1797 2273 ad
1828 2247 1867 2272 v.

423 2309 543 2351 Stich.
575 2307 658 2349 348
701 2322 937 2348 araneorum
970 2305 1242 2347 APNonius
1275 2319 1316 2359 p.
1351 2303 1452 2353 192,
1493 2302 1566 2343 sed
1599 2300 1681 2344 349
1720 2316 1857 2342 earum
1886 2299 1936 2350 P,

307 2393 441 2419 eorum
471 2376 661 2425 Nonius,
704 2375 744 2416 A
787 2376 1066 2431 (quamquam
1109 2388 1190 2414 non
1223 2372 1394 2413 omnino
1433 2377 1595 2411 certum
1628 2369 1732 2423 est);
1772 2370 1937 2409 miserae

307 2446 440 2501 (quod
473 2445 575 2486 latet
609 2445 651 2485 in
677 2446 819 2484 misera
849 2443 1099 2498 f[aZ9ebunt]
1127 2440 1177 2490 P,
1210 2442 1346 2481 misere
1378 2438 1445 2480 vel
1478 2440 1612 2479 miseri
1641 2437 1695 2478 A.
1735 2437 1820 2479 350
1850 2436 1938 2477 illos

309 2516 360 2562 A,
393 2514 485 2555 illas
515 2512 563 2555 P.
623 2512 706 2554 355
739 2527 904 2552 araneos
943 2511 1010 2551 vel
1043 2524 1212 2550 araneas
1244 2509 1303 2557 A,
1342 2522 1511 2548 araneas
1552 2506 1598 2546 P.
1659 2506 1710 2548 cf.
1740 2503 1937 2546 Loewius

309 2583 434 2623 Anal.
467 2582 605 2622 Plaut.
638 2595 677 2635 p.
712 2580 803 2622 178.
866 2581 978 2620 Asin.
1010 2578 1094 2620 425
1125 2592 1361 2618 araneorum
1392 2574 1581 2624 Nonius,
1623 2588 1868 2614 aranearum
1887 2571 1936 2614 P.

425 2650 516 2691 Mil.
541 2650 643 2705 ylor.
676 2648 758 2689 397
791 2649 931 2688 dorsus
962 2655 1064 2688 totus
1093 2646 1143 2697 P,
1175 2647 1336 2686 dorsum
1368 2652 1491 2685 totum
1522 2644 1571 2685 A.

428 2717 514 2760 Cas.
549 2718 640 2773 epil.
673 2717 695 2757 7
729 2724 875 2757 nautea
904 2715 947 2757 A
978 2715 1094 2756 Fest.
1127 2730 1167 2770 p.
1201 2714 1296 2763 230,
1330 2728 1476 2754 nausea
1496 2712 1554 2766 P3
1586 2710 1823 2753 differentia
1853 2724 1938 2750 non

309 2787 486 2830 fortuita
509 2795 584 2836 est,
606 2794 652 2828 ut
676 2785 939 2840 Leidolphus
962 2799 1001 2839 p.
1027 2784 1121 2826 219.
1145 2783 1224 2824 221
1245 2782 1426 2832 iudicat3
1457 2795 1584 2837 quem
1606 2779 1717 2835 fugit
1743 2778 1856 2821 Cure.
1883 2778 1938 2821 99

309 2858 463 2898 iterum
485 2855 522 2896 P
553 2854 756 2911 praebere
789 2868 949 2902 nausea,
980 2851 1171 2893 Nonium
1204 2859 1345 2893 autem
1377 2865 1417 2905 p.
1440 2849 1465 2891 8
1497 2856 1655 2889 nautea.
1717 2848 1828 2889 Asin.
1854 2845 1937 2889 894

310 2932 497 2965 nauteam
529 2921 696 2966 Nonius
729 2920 828 2972 BE,
861 2933 1050 2961 nauseam
1079 2918 1125 2961 J.
