2020 3278
1078 138 1155 178 134

303 275 589 331 ‚portendunt‘
613 275 744 331 igitur
766 275 983 330 expectari
1008 273 1269 316 Ritschelius
1296 273 1514 314 verissime
1547 273 1667 314 dixit.
1707 287 1784 330 pro
1815 272 1927 314 testi-

298 344 450 385 moniis
480 346 564 385 sint
584 344 694 386 Cure.
720 346 800 386 272
827 359 892 394 ‚ne
914 344 1021 384 forte
1045 343 1212 384 eveniat
1244 341 1319 382 tibi
1355 357 1557 397 magnum
1591 342 1763 395 malum,
1798 340 1924 396 Quod

298 413 349 454 in
381 413 559 468 quiete
590 412 664 454 tibi
698 418 1096 467 portentumst‘3
1131 411 1251 451 Poen.
1285 410 1377 452 749.
1414 410 1535 451 1205.

418 481 513 523 Non
545 481 682 537 magis
715 496 843 537 quam
875 480 955 521 hoo
987 480 1079 522 loco
1112 480 1357 520 retractatio
1391 479 1615 519 metrica
1646 494 1670 519 a
1693 486 1927 520 correctore

299 550 393 605 ipso
433 550 627 590 instituta
667 549 893 590 statuenda
932 556 992 590 est
1034 547 1154 590 Stich.
1186 548 1267 588 632
1300 562 1384 602 sq.‚
1424 546 1495 588 ubi
1528 547 1571 588 ni
1602 547 1745 588 omnia
1775 547 1929 588 fallunt

303 626 456 660 neuter
475 633 622 660 versus
645 618 699 659 ab
724 618 816 674 ipso
839 617 994 659 Plauto
1016 617 1231 672 profectus
1255 624 1328 668 est,
1353 616 1426 656 sed
1450 624 1628 672 uterque
1651 615 1929 658 histrionibus

301 686 495 728 debetur.

415 755 476 798 A:
517 755 666 796 Iamne
706 753 931 797 abierunt?
977 753 1195 796 Gre'lasime
1246 752 1364 802 vide,
1405 753 1522 794 nunc
1564 752 1739 794 oonsilio
1779 753 1929 809 earo¹)

1668 831 1807 877 opust.

414 891 470 934 P:
505 890 653 932 Iamne
686 890 846 932 abisti?
886 889 1104 932 Gelasime
1137 890 1252 942 vide,
1304 890 1407 944 quid
1447 905 1490 931 es
1530 897 1734 945 capturus
1767 891 1929 935 consili.

416 959 676 1001 Ritschelius
708 974 804 1000 eum
836 959 945 1000 inter
977 975 1016 999 v.
1048 958 1130 999 632
1163 966 1203 999 et
1235 958 1329 1011 635,
1364 974 1491 1015 quem
1524 959 1799 1010 numerabat,
1840 974 1929 1001 sen-

303 1029 481 1069 tentiam
521 1027 637 1069 hiare
679 1027 863 1076 videret,
907 1033 1085 1082 utraque
1132 1027 1376 1068 recensione
1424 1027 1616 1069 adhibita
1660 1028 1738 1069 hos
1783 1043 1930 1070 versus

305 1085 457 1127 edidit:

415 1154 565 1195 Iamne
598 1153 690 1194 abis
722 1154 798 1196 tu‘?
835 1152 946 1209 [abit
974 1150 1194 1209 profecto}
1228 1166 1340 1193 nune
1373 1152 1550 1193 consilio
1581 1166 1685 1193 sano
1716 1160 1854 1208 opust.

416 1221 580 1279 [Ambo
603 1221 844 1278 abi]erunt:
879 1221 974 1262 vide
1002 1219 1235 1269 Gelasium,
1269 1220 1372 1275 quid
1396 1221 1610 1276 capturu’s
1636 1220 1798 1262 consili.

302 1306 407 1346 quos
425 1305 574 1332 vereor
593 1300 638 1332 ut
657 1291 859 1344 cuiquam
876 1289 1133 1345 probaverit.
1155 1296 1325 1344 praeter
1345 1304 1471 1343 quem
1490 1304 1634 1330 omnes
1653 1289 1768 1345 quod
1785 1289 1931 1340 sciam,

301 1358 376 1413 qui
400 1359 452 1399 de
484 1358 564 1400 hoe
596 1373 720 1399 versu
757 1367 949 1414 egerunt,
983 1357 1264 1398 Ambrosiani
1300 1372 1468 1399 versum
1499 1373 1577 1413 pro
1611 1373 1707 1399 vere
1730 1358 1931 1400 Plautino

301 1426 559 1479 habuerunt,
603 1427 683 1467 nisi
724 1426 838 1481 quod
880 1426 1102 1467 Beckerus
1146 1425 1358 1481 (Studem.
1399 1428 1503 1467 stud.
1535 1427 1558 1468 I
1597 1443 1637 1482 p.
1671 1428 1770 1480 208)
1817 1436 1932 1469 certo

300 1495 458 1538 iudicio
497 1495 694 1537 abstinet.
733 1502 777 1536 at
808 1495 909 1536 huie
940 1509 1110 1549 quoque
1144 1508 1252 1550 quae
1285 1493 1453 1535 obstant
1504 1495 1606 1536 satis
1638 1495 1788 1550 gravia
1820 1506 1930 1537 sunt.

302 1578 351 1604 ao
376 1563 557 1619 primum
584 1563 756 1619 quidem
780 1563 933 1616 ,iamne
957 1562 1143 1611 abisti“?‘‚
1176 1562 1290 1616 quod
1313 1561 1350 1603 P
1377 1563 1596 1617 praebent,
1632 1565 1732 1605 ferri
1762 1564 1930 1619 nequit;

300 1648 409 1686 quae
439 1632 620 1674 elocutio
653 1632 713 1673 sie
745 1640 908 1673 tantum
934 1631 1127 1673 adhiberi
1163 1639 1314 1687 potest,
1348 1639 1395 1674 ut
1427 1632 1522 1686 quis
1554 1647 1793 1687 personam,
1827 1647 1926 1687 qua-

301 1716 395 1743 cum
443 1701 675 1742 collocutus
723 1711 784 1742 est
835 1701 1043 1755 cuiusque
1092 1700 1254 1740 abitum
1303 1716 1386 1740 non
1434 1700 1758 1751 animadvertit,
1807 1703 1930 1755 quasi

301 1769 441 1811 adhuc
471 1776 739 1824 praesentem
772 1770 1035 1826 alloquatur3
1070 1769 1185 1810 velut
1226 1769 1337 1812 Tmo.
1370 1769 1464 1812 633.
1498 1769 1581 1810 634

414 1837 527 1891 Quid
561 1837 663 1877 mihi
696 1839 942 1887 futurumst,
976 1838 1074 1892 quoi
1112 1837 1221 1879 duae
1254 1838 1434 1879 ancillae
1468 1837 1623 1887 dolent,

415 1903 581 1958 Quibus
614 1913 653 1946 te
686 1905 873 1948 donavi?
906 1906 1046 1946 iamne
1079 1906 1233 1949 abisti?
1263 1932 1319 1937 —
1350 1922 1416 1948 em
1449 1906 1508 1947 sie
1541 1906 1680 1947 datur.

303 1976 355 2014 ef.
394 1975 501 2014 Men.
539 1974 634 2016 5:30.
674 1975 796 2015 Met-c.
836 1974 932 2018 791.
983 1974 1137 2014 deinde
1186 1975 1468 2016 indicativum
1510 1974 1552 2015 in
1598 1975 1928 2029 interrogatione

303 2041 479 2096 obliqua
512 2042 618 2083 falso
647 2043 833 2096 positum
867 2057 958 2084 esse
998 2041 1222 2084 Becker-us
1254 2044 1357 2083 stud.
1388 2043 1410 2084 I
1432 2058 1473 2098 p.
1497 2042 1578 2085 208
1611 2042 1930 2085 demonstravit.

305 2112 377 2166 qui
410 2124 507 2152 cum
546 2112 595 2151 sit
626 2120 803 2165 reponat.
837 2120 876 2152 et
908 2112 1030 2152 metri
1064 2112 1204 2166 gratia
1236 2113 1390 2161 ,iamne
1422 2111 1571 2153 abiit·?⁴
1614 2111 1772 2152 scribat
1802 2119 1931 2166 atque

304 2180 360 2219 ita
396 2179 506 2218 huno
540 2193 708 2219 versum
742 2179 783 2219 in
818 2180 1053 2235 archetypo
1089 2180 1379 2221 palatinorum
1412 2180 1541 2220 fuisse
1574 2186 1747 2220 censeat

417 2246 562 2287 Iamne
595 2247 730 2288 abiit?
764 2247 994 2297 Gelasimo„
1030 2248 1139 2297 vide,
1172 2247 1276 2304 quid
1308 2248 1365 2289 sis
1398 2255 1603 2303 capturus
1639 2247 1802 2296 consili,

302 2314 414 2363 feeit,
438 2314 552 2368 quod
570 2315 722 2356 rationi
743 2317 1002 2358 contrarium
1029 2324 1113 2366 est3
1143 2316 1390 2359 emendavit
1413 2316 1525 2357 enim
1544 2331 1627 2357 non
1654 2315 1928 2357 librariorum

306 2397 490 2435 erroreS,
540 2383 612 2423 sed
652 2383 786 2438 ipsius
833 2385 905 2439 qui
946 2400 1114 2425 versum
1153 2385 1314 2425 invenit
1371 2384 1488 2425 vitia.
1560 2399 1634 2425 nos
1675 2398 1846 2425 versum
1884 2392 1931 2425 ut

304 2451 484 2492 traditus
517 2458 579 2492 est
612 2451 891 2506 relinquimus
933 2453 1092 2507 potius,
1136 2453 1210 2494 sed
1243 2468 1266 2493 a
1294 2452 1594 2494 Plautinorum
1634 2452 1929 2494 communione

303 2534 592 2574 segregamus.
655 2521 768 2575 quod
810 2528 951 2562 autem
991 2521 1045 2562 ad
1085 2521 1362 2562 Ambrosiani
1409 2535 1578 2562 versum
1626 2521 1798 2573 attinet,
1847 2519 1929 2561 hoc

305 2595 467 2628 certum
500 2598 574 2637 est,
607 2604 698 2629 caro
730 2588 874 2629 deberi
898 2589 1226 2644 interpolationi,
1261 2589 1373 2643 quod
1405 2590 1621 2645 epitheton
1653 2588 1771 2630 nullo
1802 2595 1929 2643 pacto

304 2665 450 2712 aptum
487 2664 562 2697 est.
623 2671 750 2712 quam
782 2656 978 2700 Loewius
1010 2659 1131 2700 Amal.
1155 2659 1291 2699 Plcuct.
1326 2674 1366 2714 p.
1395 2658 1474 2700 184
1487 2658 1522 2712 2)
1552 2657 1774 2712 proposuit
1801 2656 1929 2712 scrip-

419 2815 445 2858 ¹)
470 2813 746 2849 Studemundus
773 2826 828 2859 ap.
860 2816 1063 2850 Beckerum
1088 2817 1110 2850 l.
1137 2828 1166 2850 c.
1192 2828 1226 2861 p.
1253 2817 1328 2850 208.

418 2884 448 2924 ²)
475 2881 548 2915 Ubi
581 2882 678 2925 quod
712 2882 750 2915 in
782 2883 816 2916 A
851 2889 953 2927 capto
985 2883 1127 2927 potius,
1162 2879 1270 2926 quam
1301 2895 1384 2918 caro
1415 2884 1527 2918 fuisse
1559 2884 1762 2926 contendit,
1798 2886 1929 2928 postea

308 2940 528 2973 retrectasse
553 2937 720 2982 videtur3
747 2950 830 2972 nam
857 2939 894 2973 iu
921 2939 975 2974 ed.
1002 2950 1085 2973 caro
1110 2939 1148 2974 in
1174 2941 1207 2973 A
1234 2951 1312 2974 esse
1337 2939 1507 2975 refertur.
