2020 3278
1056 126 1111 166 4‹)

273 262 575 317 gravissimum
627 278 724 303 vcro
774 270 855 311 cst,
918 262 1030 316 quod
1078 277 1160 302 non
1211 261 1345 302 solum
1392 276 1413 302 e
1455 277 1492 302 ν.
1531 262 1606 302 45]
1660 261 1700 302 in
1740 277 1779 302 v.
1820 261 1902 302 433

275 329 403 371 verba
437 331 643 372 translata
677 337 791 382 sunt,
826 330 898 371 scd
931 330 1112 371 invicem
1146 345 1167 371 e
1203 345 1237 372 v.
1260 329 1342 370 433
1375 329 1414 370 in
1449 345 1487 370 V.
1518 329 1614 379 451,
1647 329 1766 371 cuius
1798 329 1903 371 haec

272 399 476 440 memoria
509 406 590 440 est:

386 467 452 509 A:
486 466 648 509 Sintne
681 466 753 506 illa
785 480 906 506 vera
939 480 1070 507 necne
1105 480 1214 520 quae
1249 465 1322 506 tibi
1357 466 1611 507 renuntiant.

387 534 444 576 P:
474 534 567 577 Sint
599 535 669 576 illa
702 549 867 575 necne
899 534 1020 583 sint,
1054 549 1162 588 quae
1195 533 1270 575 tibi
1304 533 1559 575 renuntiant.

278 603 454 644 verbum
488 619 577 644 vet-cz
610 618 661 644 ex
695 603 778 644 433
812 602 1114 659 interpolatum
1143 610 1184 644 et
1212 605 1288 643 sint
1313 603 1493 643 eiectum
1518 602 1619 657 quia
1645 602 1697 643 ad
1721 601 1902 644 eundem

274 677 596 712 retractatorem
644 670 866 712 referenda
919 685 1010 711 esse
1049 680 1246 727 apparet,
1302 670 1373 727 qui
1415 684 1564 711 versus
1605 670 1687 711 433
1727 669 1904 712 alteram

274 740 453 781 sormam
488 739 719 789 constituit,
752 746 912 780 tantum
947 753 1028 780 non
1063 746 1224 781 certum
1250 746 1325 788 est,
1358 753 1452 780 eum
1487 739 1617 780 etiam
1650 754 1797 781 versus
1822 739 1900 780 451

273 822 427 849 novam
458 808 637 850 formam
670 808 883 849 editurum
914 807 1045 848 fuisse
1077 807 1159 849 tale
1193 807 1295 863 quid
1328 807 1544 849 molitum:

387 875 534 918 Sintne
568 876 640 917 illa
671 890 785 924 vera,
819 876 929 930 quae
960 875 1037 918 tibi
1069 876 1314 918 renuntiant

273 945 365 987 sive

391 1013 541 1056 Sintne
575 1012 648 1054 illa
680 1028 781 1056 vera
812 1028 946 1054 necne
977 1027 1088 1068 quae
1120 1013 1378 1055 renuntiant.

274 1091 321 1123 ut
366 1082 482 1123 illam
529 1082 668 1138 potius
707 1082 761 1122 ad
803 1090 1018 1123 auctorem
1055 1082 1314 1124 recensionis
1361 1081 1560 1133 referam,
1610 1094 1659 1121 eo
1705 1080 1908 1129 adducor,

275 1150 503 1207 quodcum
521 1152 597 1191 sint
615 1150 835 1201 deleverit,
859 1150 1062 1207 proclivis
1085 1158 1148 1192 est
1173 1151 1428 1198 coniectura,
1455 1164 1550 1190 eum
1574 1148 1702 1190 etiam
1729 1148 1906 1191 verbum

277 1234 403 1269 necne,
436 1233 461 1260 a
493 1233 576 1276 quo
608 1221 685 1260 sint
717 1218 980 1276 dependeat,
1020 1228 1091 1261 aut
1125 1233 1373 1276 expungere
1404 1218 1590 1259 voluisse
1623 1225 1697 1259 aut
1727 1231 1772 1258 re
1805 1232 1908 1259 vera

277 1288 557 1343 expunxisse,
603 1287 646 1328 id
679 1288 792 1345 quod
824 1288 949 1329 facile
981 1287 1035 1329 ab
1074 1302 1147 1337 eo,
1195 1287 1267 1343 qui
1308 1286 1499 1329 codicem
1539 1294 1625 1327 tum
1670 1285 1908 1342 descripsit,

276 1356 445 1412 neglegi
495 1357 643 1413 potuit.
720 1365 812 1398 utut
859 1371 925 1398 res
972 1371 1015 1398 se
1048 1356 1194 1407 habet,
1242 1355 1294 1397 de
1333 1355 1579 1396 recensione
1626 1354 1666 1394 in
1714 1354 1757 1394 A
1796 1354 1908 1395 facta

278 1425 464 1466 dubitari
511 1439 593 1465 non
634 1439 757 1480 posse
795 1441 832 1468 v,
869 1424 953 1467 433
993 1425 1178 1473 docet.¹)
1246 1423 1379 1465 nihilo
1426 1423 1555 1465 setius
1602 1422 1723 1464 initio
1761 1437 1909 1464 versus

276 1494 357 1534 viri
390 1493 503 1535 docti
535 1508 629 1535 curn
662 1493 706 1534 A
739 1494 999 1550 scripserunt
1032 1495 1199 1535 sintne
1230 1494 1302 1533 illa
1332 1507 1450 1533 necne
1479 1494 1556 1533 sint
1589 1498 1731 1546 spreta
1752 1490 1909 1532 Palati-

278 1577 426 1604 norum
460 1562 672 1617 scriptura
703 1564 801 1602 sint
832 1563 905 1603 illa
935 1577 1051 1603 necne
1079 1564 1176 1611 sc'nt3
1209 1569 1251 1602 at
1282 1561 1387 1602 haee
1410 1560 1656 1617 recipienda
1687 1566 1763 1610 est,
1795 1559 1908 1614 quod

280 1631 441 1671 ratione
474 1637 645 1671 totum
680 1644 850 1671 versum
883 1645 936 1671 ex
960 1630 997 1671 P
1031 1629 1271 1685 exprimere
1294 1628 1504 1679 iubemur,
1541 1635 1769 1685 postquam
1801 1628 1843 1669 in
1867 1629 1909 1670 A

282 1699 571 1741 recensionem
604 1698 844 1748 statuimus,
885 1714 935 1739 ne
970 1699 1072 1754 quid
1106 1699 1245 1739 dicam
1283 1698 1335 1739 de
1368 1697 1526 1739 rariore
1565 1696 1910 1752 interrogationis

278 1767 413 1809 forma
445 1767 486 1808 in
520 1766 556 1808 P
584 1766 764 1816 tradita,
805 1782 932 1821 quam
973 1782 997 1808 a
1026 1767 1309 1822 grammatico
1348 1767 1563 1808 invectam
1602 1780 1694 1806 esse
1726 1765 1814 1806 veri
1848 1772 1911 1806 est

280 1835 624 1876 dissimillimum.
672 1834 876 1876 discimus
908 1843 1049 1876 autem
1084 1850 1138 1876 ex
1169 1835 1248 1875 hoc
1282 1835 1373 1877 loco
1405 1842 1622 1875 auctorem
1651 1834 1910 1875 recensionis

277 1903 584 1960 grammaticae
616 1918 700 1944 non
723 1903 861 1945 obiter
891 1902 1059 1945 fabulas
1082 1903 1183 1945 dum
1215 1903 1376 1957 legeret
1399 1903 1647 1952 correxisse,
1680 1902 1753 1943 sed
1782 1902 1908 1943 etiam

279 1986 428 2012 versus
476 1985 748 2026 comparasse
797 1979 838 2013 et
889 1971 995 2013 alios
1047 1986 1195 2014 versus
1242 1971 1295 2012 ad
1342 1971 1521 2013 aliorum
1568 1970 1908 2013 emendationem

282 2039 542 2082 adhibuisse.

339 2108 459 2150 Stich..
493 2107 576 2149 393

392 2177 450 2217 A:
498 2176 684 2219 Vidistin
739 2176 878 2217 virum
925 2176 1080 2218 sororis
1125 2174 1492 2232 Pamphilum?
1532 2178 1541 2230 Η
1579 2175 1709 2218 Non.
1747 2177 1750 2230 l
1793 2174 1909 2217 Non

1302 2243 1453 2285 adest?

400 2311 456 2353 P:
492 2311 679 2353 Vidistin
720 2311 858 2352 virum
897 2311 1051 2352 sororis
1091 2311 1552 2369 Pamphilippum?
1607 2312 1721 2354 Non
1761 2310 1911 2352 adest?

280 2389 424 2420 notum
478 2387 540 2421 est
593 2378 876 2421 Bitschelium
928 2379 1008 2420 hoc
1054 2379 1249 2436 inprimis
1300 2394 1426 2422 versu
1477 2381 1616 2422 nisum
1677 2380 1718 2420 in
1775 2378 1910 2421 Stichi

281 2447 464 2488 editione
517 2447 677 2501 ubique
730 2462 882 2489 nomen
934 2448 1174 2504 Pamphilu-e
1217 2462 1293 2503 pro
1341 2463 1409 2502 eo,
1471 2449 1583 2505 quod
1630 2447 1822 2504 alioquin
1868 2446 1911 2488 in

282 2515 512 2570 codicibus,
547 2517 675 2557 etiam
698 2516 740 2556 in
766 2517 821 2565 A,
845 2515 1027 2557 traditur
1048 2517 1372 2572 Pamphz‘lipyms,
1397 2516 1606 2558 violenter
1630 2515 1910 2557 substituisse.

283 2584 396 2640 quod
436 2599 532 2626 cum
566 2584 639 2625 vix
671 2584 870 2638 cuiquam
910 2583 1174 2639 probaverit,
1216 2598 1350 2639 nuper
1390 2584 1567 2626 verbum
1598 2584 1912 2640 Pamphilippvs

401 2766 426 2809 ¹)
451 2764 495 2799 In
520 2764 550 2799 P
577 2776 721 2808 quoque
755 2765 854 2799 locos
882 2766 1059 2807 inveniri,
1092 2766 1224 2808 quibus
1250 2765 1435 2809 duplicem
1462 2764 1606 2799 codices
1633 2767 1912 2808 repraesentant,

284 2821 500 2863 lectionem,
526 2825 812 2855 consentaneum
839 2826 909 2863 est,
936 2833 976 2854 ac
1002 2822 1193 2855 nominare
1219 2821 1356 2855 sufficit
1387 2822 1480 2855 Trin.
1510 2822 1604 2855 1188.
1654 2824 1816 2855 ceterum
1842 2820 1911 2854 hoc

284 2878 443 2922 duplicis
480 2878 705 2912 recensionis
745 2889 859 2921 genus
893 2878 1002 2922 longe
1038 2877 1149 2911 latius
1183 2880 1302 2924 patet,
1341 2888 1449 2921 quam
1480 2876 1598 2911 adhuc
1631 2888 1651 2910 a
1677 2876 1767 2910 viris
1792 2876 1911 2910 doctis

285 2935 474 2978 cognitum
501 2937 567 2969 est.
