2020 3278
867 124 945 187 1:51
985 185 991 188 ,

204 260 354 299 Bacch.
389 259 540 313 519¹);
588 261 638 303 cf.
687 260 1008 302 Studemundus
1061 260 1153 301 Ueb.
1200 261 1295 299 alvei
1329 260 1643 301 parallel-Korn.
1673 262 1713 304 (ἰ.

91 327 286 383 Diphilus
317 343 356 383 p.
388 327 454 370 53.

204 397 266 437 A:
299 395 439 450 Quam
473 398 504 437 si
531 398 585 438 ad
617 398 889 453 sepulchrum
916 404 1079 438 mortuo
1107 403 1249 436 narret
1274 396 1369 450 (sive
1392 396 1560 450 narres)
1592 396 1712 451 logos

204 464 259 505 P:
292 464 431 519 Quam
463 466 495 506 si
530 466 583 507 ad
616 467 858 521 sepulcrum
892 472 1058 506 mortuo
1091 464 1206 505 dieat
1235 464 1387 513 iocum,

89 532 163 576 ubi
194 533 231 575 P
263 533 388 588 longe
414 534 571 576 cedunt
603 534 899 577 Ambrosiano.

146 603 235 645 Mil.
262 604 362 658 9l0r.
396 602 478 643 266

204 669 258 711 A:
293 670 338 712 Si
361 669 544 719 invenio,
576 670 649 724 qui
680 670 835 720 dixit,
868 670 923 712 ad
949 685 1046 712 eum
1078 670 1270 711 vineam
1304 668 1556 724 pluteosque
1589 682 1716 722 agam

204 737 260 779 P:
293 737 339 780 Si
372 739 559 788 invenio,
594 738 666 795 qui
698 738 852 789 vidit,
885 739 940 780 ad
969 752 1067 780 eum
1092 738 1260 778 vineas
1288 737 1540 793 pluteosque
1572 750 1711 791 agam.

88 812 317 862 utrumque
350 806 528 848 verbum
560 821 694 864 aeque
733 807 840 848 bene
874 806 1028 848 habere
1062 805 1267 847 concedet
1308 805 1378 861 qui
1413 804 1710 846 antecedentes

92 889 236 916 versus
281 876 607 930 comparaverit.
678 875 733 917 ad
786 875 963 916 alteram
1019 874 1353 929 discrepantiam
1399 873 1514 927 quod
1546 873 1710 923 attinet,

89 957 239 984 vereor
268 958 321 984 ne
354 944 639 999 corruptelam
663 943 943 985 Ambrosiani
974 959 1050 999 pro
1082 943 1270 998 genuina
1293 942 1504 997 scriptura
1535 941 1718 982 editores

95 1011 340 1062 habuerint3
380 1028 477 1054 nam
512 1027 620 1069 quae
652 1015 760 1054 ratio
792 1012 927 1054 subsit
969 1012 1133 1053 numeri
1174 1011 1399 1052 mutationi
1433 1025 1512 1066 ego
1545 1009 1717 1066 quidem

91 1096 172 1121 non
206 1080 429 1136 intelleg03
462 1081 611 1122 similis
644 1089 707 1123 est
739 1081 1026 1136 discrepantia
1061 1080 1182 1122 Stich.
1215 1079 1298 1122 340

202 1149 265 1190 A:
294 1150 378 1190 340
407 1150 469 1190 At
501 1165 579 1205 ego
612 1151 729 1206 perii,
765 1150 833 1191 cui
858 1149 1116 1191 medullas
1147 1147 1355 1190 lassitudo
1386 1145 1585 1202 perbibit.

293 1217 372 1258 341
402 1218 418 1275 Η
441 1218 556 1272 Quid
597 1234 676 1274 ego
717 1218 870 1259 misero
910 1216 978 1258 cui
1019 1215 1278 1258 medullas
1321 1215 1480 1256 ventris
1527 1213 1717 1270 percepit

1389 1282 1554 1325 fames?

204 1355 258 1395 P:
406 1355 462 1395 At
498 1370 577 1409 ego
609 1355 728 1411 perii,
763 1354 862 1409 quoi
894 1352 1171 1395 medullam
1203 1351 1411 1393 lassitudo
1444 1349 1641 1406 perbibit.

405 1424 421 1480 Η
445 1423 560 1478 Quid
601 1438 680 1480 ego
712 1424 779 1465 cui
823 1423 977 1464 misero
1010 1420 1296 1462 medullam
1327 1419 1487 1461 ventris
1526 1418 1718 1474 percepit

1386 1488 1552 1531 fames?

89 1558 160 1601 ubi
193 1574 289 1600 cum
322 1560 495 1600 medulla
530 1560 702 1614 proprio
734 1573 860 1600 sensu
885 1557 1153 1606 adhibeatur,
1186 1556 1415 1612 singularis
1446 1555 1716 1612 recipiendus

89 1635 164 1668 est.
225 1627 266 1667 in
299 1627 341 1668 A
373 1627 504 1683 igitur
536 1634 820 1668 correctorem
853 1626 1226 1682 deprehendimus.

146 1697 272 1751 Epid.
305 1695 387 1738 624

203 1764 264 1805 A:
298 1763 376 1805 Est
416 1764 669 1814 consimilis,
709 1763 833 1820 quasi
874 1778 1003 1817 quom
1042 1763 1210 1819 signum
1260 1762 1421 1817 pictum
1460 1761 1605 1816 pulcre
1648 1761 1718 1801 ad-

1380 1829 1586 1885 spexeris.

89 1901 143 1943 P:
180 1903 334 1942 videris.

153 1970 260 2011 Τνίη.
293 1969 375 2011 335

202 2039 263 2079 A:
297 2038 463 2093 Edepol
497 2038 710 2079 hominem
751 2037 1185 2092 praemandatum
1226 2036 1341 2077 firme
1375 2044 1415 2076 et
1450 2034 1720 2076 familiariter

203 2106 256 2147 P:
289 2106 455 2163 Edepol
489 2106 703 2147 hominem
738 2105 1103 2162 praedicatum
1135 2105 1252 2144 firme
1286 2112 1328 2145 et.
1359 2103 1639 2145 familiariter.

86 2177 427 2231 praemundatum
449 2190 530 2215 non
558 2174 785 2215 abliorrere
808 2189 831 2214 a
848 2173 1049 2215 Plautina
1077 2171 1383 2213 consuetudine
1411 2170 1719 2212 demonstravit

90 2244 324 2299 Langenus
356 2259 396 2298 p.
430 2243 525 2292 307,
567 2242 638 2296 qui
672 2241 785 2283 idem
825 2242 874 2282 de
908 2241 1038 2283 verbo
1065 2242 1304 2297 praedicare
1342 2239 1486 2294 plene,
1530 2238 1604 2280 sed
1636 2253 1718 2280 non

92 2327 264 2367 prorsus
297 2320 410 2353 recte
436 2326 566 2367 agens
590 2310 884 2351 Palatinorum
917 2311 1171 2365 scripturam
1191 2310 1472 2365 praedicatum
1503 2322 1584 2348 non
1611 2307 1718 2348 bene

93 2381 397 2437 interpretatus
436 2387 524 2430 est,
566 2394 661 2421 cum
703 2379 837 2420 dicat:
884 2377 1236 2433 ,Unplautinisch
1277 2376 1473 2431 dagegen
1511 2375 1563 2415 ist
1601 2389 1720 2430 prae-

91 2449 234 2490 dicare
265 2449 307 2489 in
340 2448 414 2489 der
446 2448 699 2490 transitiven
732 2447 989 2503 Bedeutung
1024 2461 1105 2487 von
1137 2445 1315 2487 laudare
1355 2445 1461 2485 Tria.
1495 2444 1577 2486 335
1610 2442 1720 2484 nach

93 2517 168 2558 der
214 2517 526 2573 palatinischen
566 2516 834 2559 Recensiou.‘
903 2524 945 2557 at
982 2515 1158 2556 minime
1197 2529 1246 2554 ea
1286 2512 1542 2568 significatio
1589 2511 1719 2553 verbo

94 2585 371 2642 praedicandi
402 2585 481 2626 hoc
514 2585 607 2625 loco
637 2583 905 2626 obtrudenda
929 2592 1003 2633 est,
1036 2598 1134 2625 cum
1167 2583 1248 2623 alia
1284 2596 1418 2638 eaque
1441 2581 1596 2622 usitata
1629 2594 1718 2620 sen-

92 2653 246 2695 tentiae
286 2653 410 2709 plane
444 2652 690 2694 satisfaciat.
751 2661 815 2693 sat
853 2665 981 2706 saepe
1013 2651 1125 2692 enim
1160 2652 1412 2706 praedicare,
1453 2650 1488 2690 si
1520 2649 1564 2688 in
1596 2654 1710 2688 ante-

210 2824 238 2867 1)
261 2835 296 2867 p.
322 2824 366 2857 68
391 2834 442 2866 sq.
478 2832 575 2856 nuno
614 2821 722 2855 video
756 2821 880 2855 neseio
919 2832 990 2864 quo
1028 2832 1114 2854 casu
1145 2820 1276 2854 relicta
1311 2830 1388 2853 esse
1431 2830 1522 2862 quae
1557 2817 1646 2851 olim
1676 2816 1720 2850 de

96 2880 281 2924 scriptura
307 2878 557 2913 Ambrosiana
582 2877 831 2912 Ritschelium
872 2881 1017 2911 secutus
1043 2888 1208 2921 egeram.
1243 2879 1438 2918 antequam
1472 2872 1720 2909 Studemundi

95 2936 294 2971 lectionem
321 2935 490 2981 cognovi.
537 2934 638 2969 illius
664 2934 781 2979 igitur
804 2934 878 2968 loci
903 2933 1196 2979 disputationem
1221 2932 1331 2967 eiciat
1355 2932 1482 2967 lector.
