2020 3278
1050 112 1128 155 116

271 248 468 289 omnibus
502 248 566 289 his
602 249 704 289 loeis
737 264 872 289 novae
905 264 1083 290 scaenae
1116 250 1281 290 initium
1305 250 1462 291 statuit.
1523 249 1607 290 iam
1649 263 1749 290 vero
1791 257 1902 305 post-

272 332 399 372 quam
438 317 478 356 in
528 318 636 359 >Pes-s.
679 333 713 361 v,
755 318 835 358 726
874 332 1053 358 scaenae
1095 317 1312 358 distinctio
1359 317 1588 374 reprobata
1628 319 1762 372 est1),
1805 318 1903 359 vide

273 400 402 441 quain
443 386 616 440 egregie
659 386 844 426 Palatini
884 386 1004 426 nobis
1045 385 1292 440 probentur.
1333 401 1370 427 v,
1405 386 1487 427 710
1526 393 1566 426 et
1604 386 1682 426 711
1728 386 1901 428 fabulae

273 454 382 494 aetio
416 454 467 493 ad
512 470 724 495 summum
758 455 884 495 venit.
947 454 1181 509 Sagaristio
1214 453 1337 509 abiit3
1385 455 1479 495 leno
1513 454 1554 494 in
1588 454 1767 495 insidias
1799 469 1904 508 quas

276 521 456 563 Toxilus
499 523 535 562 ei
577 530 805 578 paraverat
851 523 909 564 ita
949 523 1120 571 incidit,
1160 530 1206 563 ut
1238 522 1400 563 exsolvi
1441 522 1557 563 nullo
1588 530 1714 577 paeto
1753 524 1905 578 possit3

271 590 355 630 iam
390 590 445 631 ad
484 591 694 632 actionem
728 606 881 632 novam
919 591 1135 632 transitur.
1190 599 1321 632 restat
1354 591 1488 640 enim,
1528 599 1574 631 ut
1606 590 1698 632 leno
1731 605 1904 645 prorsus

273 659 544 713 opprimatur
587 666 628 699 et
668 660 873 700 obruatur
912 660 1099 700 adventu
1137 660 1390 702 Saturionis.
1442 674 1527 713 qua
1562 659 1605 699 in
1652 659 1901 700 condicione

274 727 391 767 vides
424 742 578 768 novam
613 742 812 768 scaenam
846 743 927 769 non
962 728 1096 768 solum
1130 737 1228 783 apte
1260 729 1441 777 institui,
1477 728 1552 769 sed
1577 742 1711 783 paene
1744 727 1902 784 effiagi-

270 795 350 835 tari
389 795 565 836 rationis
607 796 872 838 necessitate.
939 797 1052 850 quod
1091 797 1311 851 perspexit
1350 811 1434 837 non
1474 797 1665 852 profecto
1705 795 1904 839 librarius

270 864 460 919 quilibet,
495 864 569 904 sed
602 864 686 913 ille,
720 865 791 917 qui
825 864 929 905 scite
964 872 1004 905 et
1037 865 1243 906 rationem
1276 865 1413 920 magis
1452 879 1581 918 quam
1624 865 1898 920 praestitutas

268 933 438 987 regulas
478 940 649 973 secutus
690 947 868 974 scaenas
910 934 1071 988 primus
1113 933 1271 975 divisit.
1333 933 1486 974 deinde
1519 933 1598 974 hoc
1638 947 1808 987 quoque
1840 947 1900 974 re·

268 1001 507 1055 putandum
549 1009 631 1050 est,
681 1015 778 1042 cum
825 1002 867 1042 in
907 1018 947 1042 v.
982 1002 1086 1051 726,
1134 1016 1185 1042 ne
1223 1002 1266 1042 in
1297 1002 1405 1043 duas
1437 1008 1580 1057 partes
1623 1001 1900 1054 divideretur,

269 1070 485 1110 distinctio
523 1069 689 1110 institui
730 1085 814 1111 non
853 1073 1058 1125 potuerit,
1099 1078 1197 1111 ante
1236 1086 1273 1110 v.
1308 1071 1387 1111 711
1422 1070 1562 1111 locum
1595 1070 1721 1111 unice
1752 1080 1901 1125 aptum

269 1152 360 1178 esse
393 1152 530 1178 novae
562 1152 755 1185 scaenae,
791 1138 912 1180 cuius
938 1142 982 1179 in
1014 1139 1136 1180 titulo
1170 1140 1338 1181 Saturio
1370 1138 1626 1181 nominetur.
1689 1152 1826 1192 neque
1858 1138 1902 1179 id

269 1206 408 1255 obest,
441 1206 554 1262 quod
594 1206 826 1247 continuati
869 1208 1076 1250 senarii
1108 1207 1333 1249 interstitio
1375 1208 1633 1248 dirimuntur
1670 1221 1767 1247 raro
1799 1221 1901 1248 sane

271 1274 488 1328 exemplo,
529 1274 603 1315 sed
643 1289 727 1315 non
769 1274 983 1325 inaudito,
1025 1276 1227 1332 quoniam
1271 1291 1325 1317 ex
1363 1284 1506 1317 vetere
1549 1275 1753 1316 memoria
1791 1275 1905 1316 idem

268 1343 429 1384 tactum
462 1351 525 1384 est
554 1343 596 1384 in
630 1358 785 1384 scaena
817 1345 962 1387 Pseud.
997 1344 1064 1386 IV
1086 1345 1125 1394 3,
1157 1346 1280 1386 cuius
1313 1344 1461 1386 titulus
1494 1344 1536 1384 in
1566 1343 1604 1384 Β
1639 1351 1703 1384 est
1734 1342 1904 1394 ,Servos

269 1411 382 1453 DV‘.
434 1411 581 1466 itaque
614 1427 743 1466 quam
775 1412 812 1453 P
843 1412 1050 1467 praebent
1082 1412 1234 1454 divisio
1266 1427 1521 1454 scaenarum
1552 1412 1605 1453 ab
1637 1412 1751 1453 omni
1781 1420 1904 1467 parte

269 1481 488 1522 vindicata
520 1487 596 1521 est.

384 1550 548 1591 Eadem
589 1566 732 1591 rerum
773 1550 988 1599 condicio,
1037 1565 1146 1606 quae
1183 1551 1224 1591 in
1267 1550 1428 1591 Persae
1466 1550 1561 1591 loeo
1603 1564 1729 1606 quem
1778 1548 1904 1590 modo

270 1619 465 1668 tractavi,
499 1626 618 1659 extat
651 1620 768 1660 Most.
792 1619 890 1661 933.
924 1618 994 1659 hic
1016 1633 1186 1673 quoque
1208 1620 1370 1660 factum
1402 1627 1479 1668 est,
1512 1627 1557 1659 ut
1579 1617 1904 1674 Theopropides

269 1687 312 1727 in
341 1688 510 1728 foveam
543 1687 753 1728 inciderit.
787 1687 949 1729 Tranio
983 1687 1090 1742 abit3
1122 1688 1206 1728 iam
1237 1688 1283 1728 fit
1313 1687 1438 1742 quasi
1461 1687 1639 1729 actionis
1671 1686 1902 1740 inclinatio,

270 1770 367 1797 eum
411 1756 651 1797 Phaniscus
692 1766 730 1797 et
781 1756 1041 1805 advorsitor‚
1088 1756 1162 1810 qui
1208 1771 1287 1811 per
1333 1755 1659 1797 antecedentem
1705 1769 1903 1796 scaenam

270 1825 387 1865 taciti
425 1825 467 1864 in
507 1839 661 1866 scaena
701 1825 948 1875 adfuerant,
990 1825 1335 1880 progrediuntur.
1405 1825 1562 1865 etenim
1606 1824 1705 1865 inde
1739 1823 1793 1865 ab
1825 1823 1904 1864 hoc

270 1901 482 1934 momento
532 1893 753 1948 paullatim
809 1895 950 1934 omnia
994 1893 1222 1935 Tranionis
1276 1893 1501 1934 mendacia
1557 1893 1817 1948 deteguntur
1863 1898 1904 1933 et

270 1962 595 2017 Theopropides
621 1977 665 2002 se
698 1963 895 2015 nequiter
919 1962 1219 2003 defraudatum
1253 1976 1344 2002 esse
1367 1961 1599 2016 cognoscit.
1647 1961 1793 2015 itaque
1826 1974 1903 2001 suo

270 2031 361 2072 iure
392 2030 429 2071 P
461 2046 617 2072 novam
647 2045 847 2071 scaenam
880 2030 1183 2080 exordiuntur,
1216 2045 1345 2084 quam
1377 2029 1657 2070 Ambrosiani
1690 2036 1903 2070 corrector

271 2099 539 2140 antecedenti
573 2099 855 2140 continuavit.

384 2167 467 2209 His
516 2168 711 2208 omnibus
764 2168 867 2208 locis
916 2167 989 2208 vix
1042 2168 1269 2221 quisquam
1317 2168 1391 2216 sit,
1439 2167 1542 2222 quin
1590 2165 1903 2207 distinctionem

271 2250 522 2277 scaenarum
555 2235 597 2275 in
622 2236 664 2275 A
696 2235 909 2276 sublatam
943 2236 1178 2277 secundum
1200 2235 1237 2277 P
1270 2227 1526 2276 servandam
1558 2250 1649 2276 esse
1681 2234 1901 2276 concedat.

271 2319 323 2345 ex
369 2305 505 2345 altera
545 2312 664 2358 parte
708 2304 880 2344 minime
920 2305 1169 2359 negaverim
1228 2304 1442 2345 Palatinos
1493 2318 1664 2360 quoque
1711 2303 1779 2344 hic
1817 2303 1904 2344 illic

272 2388 448 2414 scaenas
473 2372 579 2413 falso
609 2372 869 2427 coniungere
893 2380 966 2414 aut
992 2373 1204 2428 (lividere3
1226 2374 1268 2413 in
1291 2387 1398 2426 quos
1423 2387 1474 2412 ne
1498 2372 1686 2426 iniquius
1709 2386 1902 2428 agamus,

271 2456 365 2481 eam
411 2441 616 2481 rationem
665 2448 886 2481 teneamus
934 2456 1104 2482 necesse
1157 2450 1244 2492 est,
1301 2456 1428 2497 quam
1480 2456 1555 2496 per
1607 2447 1739 2481 totam
1794 2441 1903 2481 hanc

272 2510 677 2551 commentationem
709 2511 842 2550 secuti
877 2525 1022 2551 sumus
1044 2543 1053 2560 ,
1085 2518 1131 2551 ut
1162 2525 1233 2552 eos
1263 2516 1430 2550 tantum
1464 2508 1578 2549 locos
1611 2509 1902 2564 respiciamus»,

272 2578 426 2634 quibus
473 2576 754 2618 Ambrosiani
803 2594 970 2635 quoque
1016 2579 1229 2634 scriptura
1274 2577 1397 2618 nobis
1441 2584 1612 2632 praesto
1658 2584 1734 2617 est.
1795 2577 1905 2617 inter

273 2661 377 2702 quos
410 2645 492 2685 duo
525 2653 636 2695 sunt,
669 2645 829 2699 quibus
861 2646 903 2686 in
935 2647 971 2686 P
1003 2652 1228 2701 peccatum
1260 2653 1335 2686 est.

387 2712 438 2754 In
480 2713 648 2768 Epidici
685 2729 840 2755 scaena
872 2729 981 2768 quae
1014 2729 1127 2755 nunc
1165 2721 1412 2755 numeratur
1443 2713 1517 2754 III
1548 2713 1576 2753 4
1615 2711 1753 2753 media
1784 2712 1902 2754 iussu

389 2875 414 2915 ¹)
438 2873 612 2906 Ueterum
638 2872 832 2907 725—730
863 2873 1051 2907 scaenicae
1077 2873 1294 2907 retraetioni
1319 2872 1446 2906 deberi
1480 2872 1672 2909 videntum
1707 2871 1752 2905 ef.
1778 2872 1897 2905 Goetz

273 2931 346 2962 Act.
373 2942 439 2963 sav.
469 2929 561 2973 Lips.
595 2928 646 2962 VI
672 2941 704 2972 p.
731 2930 807 2963 300.
