2020 3278
1011 115 1087 157 164

234 255 329 305 late,
362 265 408 297 ut
439 254 544 296 haec
566 253 820 295 emendandi
852 260 968 294 certa
999 253 1068 293 lex
1099 259 1139 292 ct
1171 250 1409 292 constantia
1441 251 1530 292 iure
1555 249 1682 291 statui
1702 249 1857 304 possit3

237 338 345 381 quae
387 338 482 365 cum
525 322 666 363 adhuc
703 336 784 362 non
825 321 996 376 cognita
1036 328 1164 370 esset,
1212 320 1371 361 factum
1406 326 1467 360 est
1504 326 1549 361 ut
1581 317 1762 360 editores
1795 325 1860 360 sat

236 393 378 435 multis
416 392 519 433 locis
557 389 839 432 Ambrosiani
871 390 1128 444 scripturam
1167 403 1192 430 a
1224 395 1458 429 correctore
1498 386 1748 428 adornatam
1781 401 1857 442 pro

235 462 436 503 Plautina
478 460 745 514 acciperent3
792 474 890 499 nam
931 473 1025 499 cum
1058 457 1290 506 Palatinis,
1329 471 1438 510 quae
1477 455 1687 498 editorum
1718 455 1768 496 de
1801 470 1861 497 re-

238 531 484 571 censionum
531 527 782 570 auctoritate
828 542 919 568 esse
961 527 1069 567 solet
1115 524 1342 573 sententia,
1389 538 1484 566 raro
1524 523 1590 564 vel
1628 538 1861 578 numquam

236 606 461 654 peccatum
492 603 568 638 est.

350 678 404 720 In
434 677 478 718 A
510 690 609 718 vero
642 691 666 716 a
698 683 934 716 correctore
972 674 1106 716 oratio
1140 673 1195 714 ad
1228 671 1461 729 planiorem
1497 671 1722 712 verborum
1754 671 1860 713 ordi-

238 763 334 790 nem
365 752 565 788 revocata
596 752 660 785 est
690 743 756 785 his
789 743 911 784 locis:

302 827 413 869 Truc.
445 825 528 867 285
558 823 614 865 P:
646 822 809 865 Nullan
839 823 935 864 istic
967 821 1115 863 mulier
1147 820 1341 864 habitat?

565 892 623 933 A:
655 890 819 934 Nullan
849 891 1001 933 mulier
1030 890 1125 931 istic
1158 889 1351 931 habitat?

294 962 441 1004 Pseud.
469 960 551 1002 615
578 958 634 1000 P:
668 958 784 1013 Quid
815 957 901 999 illic
932 972 1076 1000 secum
1109 958 1222 1000 solus
1254 957 1470 1011 loquitur?

574 1026 638 1069 A:
670 1026 785 1082 Quid
817 1027 904 1068 illic
936 1027 1049 1069 solus
1083 1041 1227 1068 secum
1258 1024 1474 1080 loquitur?

301 1100 408 1140 Τνίη.
440 1097 523 1140 456

455 1165 513 1208 P:
544 1164 845 1207 Ferentzirium
877 1178 967 1206 esse
999 1164 1183 1205 amicum
1215 1163 1436 1204 inventum
1467 1162 1671 1218 intellego

349 1237 392 1278 A
419 1243 511 1278 aut:
537 1219 839 1276 Fere'ntarium
870 1233 1054 1274 amicum
1086 1232 1176 1274 csse
1209 1232 1431 1274 inventum
1464 1231 1664 1288 intellego

419 1310 514 1346 aut:
548 1301 847 1345 Fer‘esstarium
880 1302 1176 1344 amicum—csse
1208 1301 1427 1342 inventum
1459 1299 1673 1355 intellego.

304 1375 410 1416 Trin.
443 1372 495 1413 91

353 1442 408 1484 P:
441 1440 552 1484 Sunt
583 1454 689 1496 quos
720 1439 807 1481 scio
839 1453 929 1480 esse
962 1438 1134 1489 amicos,
1167 1445 1265 1479 sunt
1295 1451 1400 1491 quos
1433 1436 1627 1493 suspicor

358 1511 425 1552 A:
459 1509 567 1552 Sunt
598 1522 704 1563 quos
737 1507 824 1550 scio
855 1508 1014 1549 amicos
1047 1521 1152 1557 esse,
1185 1513 1283 1547 sunt
1315 1520 1420 1562 quos
1458 1505 1665 1562 suspicor.

306 1580 413 1621 Trin.
447 1578 526 1621 651
560 1576 616 1618 P:
649 1576 703 1618 In
732 1577 824 1618 foro
856 1591 1031 1632 operam
1063 1575 1212 1617 amicis
1244 1575 1298 1615 da

558 1647 620 1687 A:
652 1645 706 1687 In
736 1646 828 1687 foro
859 1645 1006 1687 amicis
1040 1659 1215 1702 operam
1247 1643 1315 1684 da.

308 1717 415 1759 Trin.
447 1716 530 1759 860

358 1785 414 1827 P:
449 1783 572 1826 Dabo
595 1798 781 1840 operam,
805 1788 852 1825 ut
869 1796 935 1824 me
959 1796 1050 1823 esse
1074 1781 1213 1838 ipsum
1241 1780 1368 1835 plane
1385 1778 1697 1836 sycophantam
1715 1779 1869 1823 sentiat

356 1854 420 1896 A:
451 1851 576 1895 Dabo
616 1866 813 1907 operam,
866 1860 912 1893 ut
947 1865 1014 1892 me
1056 1849 1195 1906 ipsum
1242 1849 1366 1906 plane
1422 1862 1514 1890 esse
1559 1848 1870 1904 sycophantam

1534 1917 1702 1958 sentiat,

305 2002 413 2044 Tria.
454 2000 558 2043 1051
606 1998 761 2054 ‚Quom
809 2004 996 2053 repetas,
1051 1997 1272 2039 inimicum
1317 1996 1502 2038 amicum
1551 1996 1755 2039 beneficio
1810 1999 1868 2040 in-

245 2071 391 2113 venias
424 2075 510 2112 tuo‘
542 2068 592 2119 P,
625 2068 823 2117 ,amicum
855 2067 1047 2108 invenias
1080 2066 1284 2107 beneficio
1317 2071 1401 2107 tuo‘
1434 2066 1496 2115 A,
1539 2080 1666 2122 quem
1700 2074 1871 2123 praeter

247 2138 528 2195 Spengelium
562 2136 914 2192 Wagner-umque
945 2149 1091 2176 omnes
1123 2135 1257 2176 secuti
1289 2144 1399 2176 suut.

304 2220 416 2260 Rud.
448 2218 531 2261 573
562 2216 620 2258 P:
659 2207 715 2258 At
747 2215 866 2258 vides
898 2230 978 2265 me,
1011 2214 1185 2256 ornatus
1217 2220 1264 2255 ut
1294 2214 1372 2255 sim

561 2286 623 2327 A:
659 2274 721 2326 At
753 2285 873 2327 vides
904 2299 985 2334 me,
1017 2291 1061 2326 ut
1093 2283 1267 2325 ornatus
1302 2282 1394 2323 sim.

248 2358 301 2398 cf.
332 2354 595 2399 Ritschelius
627 2354 729 2396 Nov.
762 2370 842 2396 eme.
873 2354 1010 2396 Plaut.
1043 2368 1083 2409 p.
1115 2352 1181 2395 39.

304 2438 427 2478 Mero.
458 2435 540 2477 278
573 2435 626 2476 P:
659 2435 777 2476 Pisto
810 2435 892 2490 ipsi
923 2434 1051 2475 facito
1082 2447 1226 2474 coram
1257 2438 1304 2472 ut
1334 2430 1478 2471 tradas
1510 2430 1551 2471 in
1584 2446 1756 2472 manum

562 2503 620 2545 A:
654 2504 770 2544 Pisto
800 2503 882 2559 ipsi
913 2503 1042 2545 facito
1074 2508 1120 2543 ut
1151 2514 1294 2542 coram
1327 2499 1470 2540 tradas
1502 2500 1545 2540 in
1577 2513 1763 2542 manum.

306 2574 417 2614 Pers.
448 2572 530 2614 417
564 2571 619 2614 P:
650 2572 752 2614 Sine
784 2572 995 2629 respirare
1028 2585 1108 2620 me,
1140 2567 1216 2609 tibi
1248 2574 1294 2609 ut
1323 2567 1606 2624 respondeam

554 2641 617 2683 A:
650 2640 751 2683 Sine
784 2641 994 2696 respirare
1026 2653 1106 2688 me,
1139 2644 1185 2679 ut
1216 2636 1292 2678 tibi
1324 2636 1619 2692 respondeam.

311 2710 424 2751 Truc.
456 2709 539 2752 239

363 2788 420 2830 P:
451 2787 566 2830 Nam
598 2795 764 2830 ecastor
786 2802 1019 2843 numquam
1042 2787 1143 2828 satis
1177 2785 1294 2827 dedit
1326 2800 1426 2828 suae
1449 2785 1675 2839 quisquam
1708 2783 1870 2825 amicae

1470 2859 1636 2893 amator

250 2925 313 2966 A:
353 2924 482 2976 ,Nam
522 2932 688 2967 ecastor
720 2938 952 2977 numquam
991 2922 1094 2963 satis
1134 2921 1250 2963 dedit
1289 2922 1452 2963 amicae
1491 2920 1670 2976 quisque
1709 2926 1874 2961 amator
