2020 3278
995 192 1004 196 -
1087 131 1261 198 126.-

313 274 530 322 potantem
563 267 735 308 domum
769 267 988 308 reducant.
1049 268 1203 309 ostium
1236 269 1366 324 igitur
1397 269 1579 323 aedium,
1615 270 1655 310 in
1689 269 1842 326 quibus
1875 285 1939 311 ne-

313 335 469 376 minem
502 336 696 376 habitare
728 335 888 376 Tranio
917 335 1208 391 Theopropidi
1233 336 1413 385 dixerat,
1446 337 1613 391 pultant
1644 337 1938 378 exclamantes

428 404 624 445 Etiamne
656 405 826 458 aperis?
859 404 1133 446 Callidamati
1166 413 1310 446 nostro
1342 406 1569 447 advorsum
1604 407 1810 448 venimus.

313 487 397 528 qua
429 487 473 513 re
505 472 682 513 miratus
715 472 1039 528 Theopropides
1072 474 1307 528 interrogat

426 540 548 580 Heus
582 556 654 580 vos
678 540 810 596 pueri,
843 540 946 594 quid
977 540 1070 581 istic
1102 541 1261 596 agitis?
1292 541 1394 598 quid
1427 543 1529 584 istas
1562 543 1678 584 aedis
1711 543 1940 598 frangitis?

312 608 380 649 cui
413 615 609 663 prompte
643 609 922 665 respondetur
955 609 1080 658 ‚Erus
1114 610 1182 651 hic
1211 617 1352 651 noster
1384 618 1515 666 potat‘
1549 615 1607 665 (V.
1639 612 1754 667 946),
1786 611 1837 663 ‚ei
1870 611 1940 652 ad-

313 690 482 717 vorsum
519 677 726 718 venimus‘
759 680 818 732 (v.
844 678 960 731 947).
1024 679 1166 734 itaque
1188 678 1224 719 P
1253 693 1304 719 ne
1329 679 1592 721 levissimum
1617 679 1792 736 quidem
1818 680 1940 721 vesti-

310 745 429 800 gium
461 744 550 785 sive
584 745 813 786 lacunosae
854 747 1088 787 sententiae
1127 747 1216 787 sive
1249 747 1375 803 spatii
1415 748 1549 789 relicti
1591 748 1837 789 ostendunt,
1899 756 1943 790 at

311 813 351 854 in
385 813 428 854 A
458 813 567 855 inter
597 814 974 869 interrogationem
999 815 1312 871 Theopropidis
1346 824 1387 857 et
1410 831 1661 872 responsum
1695 831 1769 858 sex
1796 832 1941 859 versus

310 881 554 932 extiterunt,
586 898 768 936 quorum
799 883 905 924 nihil
936 885 1023 924 fere
1055 884 1138 940 legi
1172 885 1320 940 potuit.

428 962 546 1003 Inter
578 963 706 1018 Epist.
741 979 779 1004 v.
812 964 867 1004 64

423 1030 518 1072 ΤΗ.
553 1030 668 1085 Quid
700 1046 813 1073 nunc
845 1047 909 1073 me
943 1033 1129 1074 retines?
1169 1033 1258 1075 ΕΡ.
1292 1043 1461 1075 amatne
1492 1033 1639 1082 istam,
1680 1048 1809 1090 quam
1841 1033 1942 1075 emit

1128 1102 1180 1143 de
1211 1102 1401 1156 praeda?
1432 1101 1529 1145 TH.
1563 1104 1719 1158 rogas?

311 1175 365 1217 et,
398 1168 431 1209 si
462 1168 499 1209 P
532 1169 763 1223 sequimur,
796 1169 1040 1224 proximum

423 1237 615 1292 Deperit.
650 1238 738 1279 ΕΡ.
778 1238 920 1280 hercle
952 1239 1176 1295 detegetur
1207 1240 1367 1281 corium
1401 1239 1452 1280 dc
1484 1246 1606 1294 tergo
1638 1253 1743 1279 meo.

310 1312 384 1346 aut
431 1306 514 1346 duo
553 1313 624 1347 aut
677 1322 785 1348 unus
834 1315 947 1348 certe
987 1307 1029 1348 in
1061 1308 1105 1349 A
1146 1308 1286 1349 extitit
1326 1323 1472 1349 versus
1520 1307 1610 1349 sine
1650 1306 1779 1348 dubio
1815 1307 1939 1347 inter-

310 1374 492 1429 polatus.
553 1374 654 1415 item
686 1374 795 1416 inter
827 1375 880 1415 66
913 1383 953 1416 et
983 1377 1035 1418 67
1069 1376 1112 1417 in
1145 1392 1193 1418 eo
1229 1377 1315 1418 duo
1349 1392 1495 1418 versus
1528 1376 1622 1432 plus
1666 1390 1794 1432 quam
1826 1375 1868 1416 in
1901 1375 1938 1416 P

313 1442 558 1492 extiterunt,
593 1458 689 1484 cum
722 1443 886 1484 nullum
920 1444 1124 1485 indicium
1158 1445 1335 1486 lacunae
1367 1446 1409 1486 in
1444 1445 1479 1486 P
1510 1446 1784 1501 perspicuum
1818 1445 1882 1488 sit.

424 1524 531 1566 Men.
549 1523 786 1564 453-—458.
822 1523 1065 1574 Peniculus,
1090 1539 1185 1565 cum
1208 1525 1319 1565 inter
1341 1525 1419 1567 fori
1443 1526 1589 1568 turbas
1610 1525 1938 1567 Menaechmum

310 1591 511 1644 amiserit,
546 1592 726 1647 prandio
761 1593 1079 1634 circumventus
1112 1602 1192 1647 est3
1227 1608 1311 1647 qua
1344 1609 1387 1635 re
1419 1594 1551 1636 iratus
1583 1594 1820 1636 detestatur
1851 1608 1936 1641 eos,

310 1660 383 1714 qui
416 1660 659 1702 contionum
685 1661 834 1702 officiis
868 1669 1126 1717 ,occupatos⁴
1159 1662 1350 1703 homines
1382 1678 1464 1705 non
1487 1663 1775 1713 liberaverint,
1810 1663 1939 1704 immo

307 1729 364 1770 ad
411 1744 460 1770 ea
507 1731 690 1778 ,otiosos‘
738 1730 877 1787 delegi
919 1731 1155 1786 oportuisse
1202 1734 1282 1781 ait3
1334 1747 1439 1786 quos
1485 1747 1584 1773 vero
1626 1731 1935 1786 subintellegat

310 1798 493 1847 ‚otiosos‘
525 1798 668 1839 statim
701 1799 959 1854 explicatur:

423 1866 659 1908 Adfatimst
691 1867 923 1918 hominurn,
957 1868 998 1909 in
1033 1868 1121 1909 dies
1154 1869 1226 1926 qui
1259 1869 1450 1925 singulas
1483 1883 1601 1909 escas
1637 1868 1767 1916 edint,

425 1934 591 1989 Quibus
612 1936 753 1991 negoti
773 1937 876 1978 nihil
894 1944 971 1987 est,
989 1937 1063 1991 qui
1081 1953 1220 1978 essum
1242 1952 1377 1991 neque
1393 1944 1597 1978 vocantur
1617 1950 1753 1989 neque
1773 1943 1938 1976 vocant.

424 2003 510 2045 Eos
542 2011 709 2061 oportet
741 2007 926 2046 contioni
960 2006 1061 2046 dare
1093 2020 1264 2062 operam
1298 2013 1425 2059 atque
1458 2004 1652 2046 comitiis.

310 2071 444 2113 oratio
479 2073 585 2114 bene
617 2073 751 2123 cadit3
785 2090 893 2130 quae
925 2074 1035 2115 male
1066 2074 1450 2129 interrumperetur
1470 2073 1637 2115 duobus
1670 2073 1862 2114 versibus
1895 2072 1935 2112 in

308 2141 352 2181 A
374 2140 622 2191 interiectis,
663 2157 841 2196 quorum
865 2150 1013 2184 auctor
1045 2142 1086 2183 ni
1117 2143 1242 2183 fallor
1273 2151 1445 2184 senatus
1478 2157 1647 2199 quoque
1682 2143 1935 2183 mentionem

309 2225 391 2251 nou
418 2210 694 2252 omittendam
720 2221 836 2253 ratus
858 2220 935 2262 est,
968 2210 1039 2252 ubi
1063 2211 1204 2252 contio
1232 2220 1271 2252 et
1296 2211 1467 2252 comitia
1490 2217 1936 2252 commemorarentur.

423 2278 688 2336 Ambiguum
707 2288 770 2322 est
788 2281 993 2322 iudicium
1012 2280 1064 2321 de
1082 2280 1276 2321 codicum
1297 2280 1584 2335 discrepantia
1601 2280 1711 2320 Pers.
1730 2279 1813 2320 (505
1831 2293 1908 2334 sqq
1928 2311 1937 2330 ,

310 2346 381 2388 ubi
409 2347 530 2403 virgo
562 2363 586 2388 a
617 2348 768 2390 lenone
801 2349 979 2390 emenda
1012 2348 1272 2404 producitur.
1306 2350 1379 2405 qui
1410 2349 1452 2389 in
1484 2348 1521 2389 P
1552 2358 1648 2390 sunt

719 2428 860 2472 TOX.
893 2444 986 2485 age,
1018 2444 1098 2485 age
1131 2443 1242 2470 nunc
1275 2436 1339 2470 tu:
1374 2429 1416 2469 in
1451 2428 1656 2484 proelium

366 2494 478 2539 Vide
517 2503 563 2537 ut
599 2496 843 2552 ingrediare
875 2483 1108 2554 auspicato.
1145 2496 1221 2539 VI.
1253 2496 1501 2551 liquidumst
1532 2496 1797 2550 auspicium:
1829 2502 1935 2536 tace.

366 2562 508 2604 TOX.
541 2563 741 2607 Concede
764 2566 798 2606 si
822 2568 1011 2621 suam¹);
1050 2580 1128 2621 ego
1162 2565 1276 2606 illam
1310 2564 1535 2606 adducam.
1570 2564 1750 2607 DORD.
1782 2578 1862 2619 age
1893 2574 1939 2605 ut

1125 2648 1213 2675 rem
1246 2648 1336 2674 esse
1370 2633 1411 2673 in
1445 2639 1634 2674 nostram
1665 2640 1804 2687 putas.

367 2699 508 2743 TOX.
533 2702 721 2756 Sequere
741 2718 827 2757 me3
851 2702 1021 2744 adduco
1040 2702 1164 2752 hanc,
1196 2701 1229 2742 si
1257 2701 1361 2755 quid
1380 2703 1444 2743 vis
1462 2716 1514 2743 ex
1534 2702 1613 2743 hac
1634 2702 1936 2757 percontarier.

426 2883 451 2925 ¹)
473 2884 504 2915 si
527 2895 624 2917 sumn
651 2883 735 2925 (13¹)
759 2886 822 2918 aut
847 2887 1062 2929 corruptum
1095 2887 1150 2920 est
1178 2888 1224 2920 'ex
1259 2885 1345 2921 istuc
1385 2888 1460 2927 aut,
1486 2895 1577 2929 quae
1610 2886 1665 2919 est
1690 2882 1935 2919 Studemundi

309 2939 505 2981 sententia,
530 2939 627 2973 redit
651 2941 697 2974 ad
723 2942 771 2973 sis
795 2943 864 2974 iam
888 2942 956 2985 (sic
983 2941 1012 2975 B
1027 2941 1144 2987 2(ΒΗ).
