2020 3278
1044 140 1098 183 4⁴2

318 267 433 309 Most.
467 265 548 307 793

403 334 465 377 P:
496 333 610 389 Quid
645 334 792 375 nunc?
823 334 833 388 11
866 334 996 383 vise,
1029 341 1186 389 specta,
1221 343 1290 374 tuo
1322 332 1497 390 [usque]
1530 333 1738 375 arbitratu

373 403 459 444 Ar:
493 401 608 456 Quid
640 416 754 444 nunc
785 402 896 443 vis?
928 403 938 457 11
970 403 1116 443 visas
1149 433 1293 443 .....
1328 409 1399 442 1110
1430 415 1522 456 usq.
1554 400 1776 443 arbitratu.

258 471 381 513 vides
407 472 448 512 in
472 472 510 512 A
535 470 857 527 interrogationi
890 472 990 526 quid
1019 470 1147 511 nunc?
1180 469 1328 511 eodem
1361 468 1500 519 modO,
1533 484 1617 526 quo
1643 468 1768 511 Stich.
1791 467 1888 517 624,

263 539 441 580 verbum
474 538 667 580 additum
700 553 805 579 esse.
867 553 964 579 nam
999 554 1048 580 ne
1081 553 1241 580 meram
1274 537 1609 593 dittographiam
1641 536 1782 594 potius
1815 538 1890 591 (vis

264 608 384 663 visas)
424 615 680 656 statuamus,
725 606 985 661 impedimur
1024 608 1161 662 spatio
1199 607 1241 648 in
1282 607 1326 647 A
1364 614 1459 661 post
1498 607 1554 647 vis
1594 606 1763 656 relicto,
1807 619 1891 660 quo

257 675 362 717 illud
409 677 465 716 vis
504 690 528 715 a
566 677 666 715 visas
714 675 1023 716 secernendum
1073 683 1113 717 et
1158 674 1423 730 Theuropidi
1476 674 1751 716 tribuendum
1799 687 1891 715 esse

260 743 510 785 ostenditur.
572 758 624 785 116
658 758 758 785 vero
790 751 962 798 praeter
983 744 1250 799 Geppertum
1285 743 1380 798 quis
1413 743 1611 784 defensor
1641 742 1891 784 elocutionis

259 814 358 868 quid
383 827 484 853 nunc
505 810 590 853 vis?
619 812 787 863 existat,
824 812 896 853 vix
920 813 1155 854 verendum
1187 820 1263 854 est.
1310 827 1409 853 nam
1431 810 1726 868 Theuropides
1748 827 1787 854 v,
1809 810 1892 852 682

257 882 348 936 ipse
380 880 640 922 Tranionem
673 880 727 920 ad
759 880 975 922 Simonem
1016 881 1291 936 ablegaverat
1323 889 1540 935 rogatum,
1583 896 1684 921 num
1716 879 1890 921 domum

257 949 440 991 invisere
473 949 552 990 sibi
584 949 744 990 liceret.
807 949 879 1005 qui
911 964 1007 991 cum
1040 964 1236 992 reversus
1269 965 1307 990 v,
1341 949 1422 990 786
1455 948 1562 990 haec
1594 948 1770 990 dixerit:

315 1018 442 1073 Quod
472 1032 539 1059 me
570 1018 783 1067 misseras,
816 1018 961 1059 adfero
993 1032 1117 1059 omne
1150 1019 1422 1072 impetratum

258 1087 373 1128 nullo
419 1095 542 1142 pacto
584 1086 882 1142 Theuropides
920 1087 1183 1142 interrogare
1224 1093 1363 1141 potest
1400 1086 1500 1140 quid
1536 1099 1638 1125 nunc
1675 1082 1774 1134 vist2,
1815 1083 1889 1125 sed

258 1157 383 1197 unice
423 1163 570 1210 aptum
603 1163 665 1196 est
697 1157 796 1211 quid
830 1154 959 1196 nuuc?
1015 1155 1155 1207 (Nun,
1186 1156 1257 1196 wie
1286 1154 1416 1195 stelzt’s
1429 1152 1480 1208 ?).
1542 1153 1734 1195 conferas
1766 1151 1891 1194 velim

319 1224 430 1266 Cure.
458 1224 563 1266 549:
611 1223 726 1277 Quid
758 1225 900 1266 nunc?
934 1225 944 1279 11
975 1223 1089 1280 quod
1121 1223 1347 1273 mandasti,
1379 1223 1473 1264 feci.

314 1293 461 1334 Pseud,
494 1292 596 1334 321:
647 1292 762 1347 Quid
794 1308 908 1333 nunc
940 1293 1059 1335 vis?
1091 1293 1100 1347 11
1131 1300 1177 1334 111
1209 1291 1434 1348 opperiare
1466 1291 1543 1332 hos
1575 1304 1651 1331 sex
1685 1289 1788 1331 dies.

257 1362 346 1411 sed,
388 1369 431 1403 ut
460 1361 510 1402 de
543 1370 781 1403 correctore
821 1361 1041 1416 disputare
1081 1375 1335 1416 pergamus,
1374 1376 1456 1402 non
1498 1359 1600 1400 satis
1640 1357 1788 1400 habuit
1820 1358 1890 1400 ille

258 1431 513 1472 sententiam
546 1430 627 1471 1106
660 1430 786 1471 1110ᾶο
817 1437 1004 1480 mutare,
1044 1429 1117 1471 sed
1148 1438 1282 1471 metro
1324 1443 1492 1486 quoque
1526 1442 1629 1469 voce
1658 1429 1715 1468 vis
1746 1426 1892 1468 addita

260 1506 463 1556 corrupto
495 1499 716 1540 consulere
748 1513 833 1539 non
865 1498 1018 1539 omisit.
1065 1512 1118 1539 ex
1150 1501 1227 1540 vise
1249 1507 1381 1555 specta
1403 1498 1514 1539 enim
1540 1496 1767 1538 bacchium
1788 1495 1892 1537 fecit

257 1570 358 1609 visas
392 1568 593 1624 speeta1);
641 1568 692 1609 cf.
732 1568 879 1609 Pseud.
917 1567 996 1609 153
1041 1569 1129 1608 vide
1167 1566 1216 1615 P,
1256 1569 1390 1608 videas
1429 1567 1485 1609 A.
1548 1566 1713 1607 duobus
1759 1565 1890 1622 igitur

257 1637 360 1678 locis
393 1637 504 1678 hunc
537 1651 706 1678 versum
739 1645 952 1678 corrector
975 1636 1166 1687 mutavit,
1202 1637 1236 1677 si
1270 1636 1470 1677 videlicet
1497 1633 1759 1676 Ritschelius
1793 1633 1892 1675 scri-

258 1712 428 1761 pturam
460 1704 737 1746 Ambrosiani
769 1712 883 1746 recte
915 1705 1148 1761 indagavit.
1211 1720 1235 1745 a
1267 1720 1351 1759 quo
1384 1719 1463 1745 non
1498 1703 1768 1745 mediocriter
1808 1702 1891 1744 dis-

260 1774 372 1816 cedit
395 1774 654 1830 Geppertus,
687 1774 759 1830 qui
792 1774 896 1815 haec
930 1774 973 1814 in
1003 1772 1047 1814 A
1081 1788 1171 1814 esse
1203 1773 1307 1814 dicit
1339 1773 1461 1823 (stud.
1487 1771 1537 1814 II
1560 1787 1602 1827 p.
1627 1771 1720 1828 72):
1774 1770 1892 1828 ‚quid

257 1858 370 1884 nunc
409 1843 473 1884 vis
511 1858 592 1898 age
630 1848 815 1897 aspecta‘
854 1842 1012 1898 (spatio
1054 1851 1147 1897 post
1179 1857 1253 1897 aye
1291 1841 1479 1897 relicto),
1522 1849 1569 1882 ut
1606 1840 1712 1882 haec
1750 1840 1891 1895 potius

261 1911 519 1953 recensionis
543 1911 678 1951 forma
700 1909 841 1951 verbis
866 1911 975 1951 inter
1001 1910 1289 1965 colloquentes
1312 1917 1425 1951 recte
1451 1908 1689 1951 distributis
1711 1908 1889 1950 evadat:

404 1979 519 2034 Quid
553 1980 665 2021 nunc
698 1981 794 2021 vis?
909 1979 1007 2035 Age
1038 1979 1212 2034 aspecta
1243 1989 1316 2021 tuo
1344 1979 1481 2033 usque
1513 1977 1737 2027 arbitratu,

258 2064 334 2105 pro
371 2063 455 2103 quo
486 2047 734 2104 Geppertus
766 2047 929 2089 mavult
961 2062 1033 2102 aye
1070 2056 1214 2104 specta.
1279 2048 1330 2088 (16
1372 2047 1669 2103 Geppertiana
1713 2047 1891 2089 lectione

258 2116 401 2158 licebit
439 2116 653 2164 dubitare,
702 2131 786 2157 non
826 2131 910 2172 quo
951 2130 1086 2156 meam
1125 2116 1538 2172 argumentationem
1582 2122 1764 2168 evertat,
1817 2116 1890 2157 sed

258 2185 358 2239 quia
380 2185 586 2241 Gepperti
621 2184 821 2226 lectiones
843 2184 1158 2226 Ambrosianae
1191 2199 1273 2225 non
1307 2185 1486 2225 eandem
1511 2194 1637 2238 atque
1659 2184 1886 2226 Ritschelii

259 2252 543 2294 Studemundi
575 2252 735 2294 Loewii
779 2253 1075 2294 auctoritatem
1114 2261 1153 2294 et
1194 2253 1320 2294 fidem
1360 2251 1533 2295 habent.
1594 2252 1669 2293 sed
1702 2252 1753 2293 sit
1784 2252 1893 2294 haec

261 2329 377 2362 recta
408 2336 658 2377 summaque
691 2322 774 2362 fide
798 2321 943 2376 digna,
977 2321 1079 2375 quid
1103 2321 1382 2362 iudicandum
1405 2320 1519 2363 erit‘?
1575 2322 1675 2376 quid
1706 2336 1807 2362 nunc
1837 2323 1893 2362 vis

260 2405 284 2430 a
316 2390 534 2445 Gepperto
566 2389 655 2430 sine
688 2390 775 2431 ulla
807 2389 1072 2431 dubitatione
1104 2399 1323 2444 receptum
1359 2403 1454 2430 cum
1488 2404 1541 2430 ex
1574 2396 1719 2431 nostra
1751 2389 1892 2445 dispu-

259 2458 416 2499 tatione
449 2458 697 2512 neutiquam
737 2459 897 2499 servari
940 2473 1076 2514 neque
1116 2466 1258 2499 tamen
1300 2472 1441 2500 errore
1473 2464 1620 2499 natum
1653 2472 1746 2500 esse
1777 2457 1893 2500 credi

259 2526 411 2581 possit,
452 2540 503 2567 ne
546 2527 606 2566 sic
645 2526 818 2580 quidem
862 2525 1088 2567 correctori
1122 2541 1205 2567 non
1237 2525 1511 2568 tribuendum
1543 2533 1626 2576 est3
1674 2541 1747 2582 aye
1778 2541 1892 2577 vero,

257 2594 339 2635 nisi
370 2594 413 2634 in
446 2594 654 2649 Gepperti
686 2594 828 2635 animo
860 2594 999 2650 potius
1032 2609 1159 2651 quam
1193 2595 1236 2635 in
1268 2595 1311 2635 A
1343 2602 1481 2645 extat,
1523 2608 1577 2635 ex
1618 2608 1744 2635 versu
1784 2593 1893 2635 inse-

259 2663 405 2718 quenti
437 2662 710 2718 desumptum
744 2669 819 2705 est.
880 2662 1006 2717 longe
1045 2670 1188 2704 autem
1222 2663 1289 2704 vel
1328 2663 1426 2705 huic
1459 2662 1781 2717 Geppertianae
1811 2662 1893 2704 lec-

375 2847 402 2881 ῑ)
429 2844 520 2879 Cum
544 2843 774 2879 Bitschelius
800 2845 893 2877 visas
918 2870 1060 2878 .....
1087 2856 1131 2878 ex
1149 2844 1183 2877 A
1202 2845 1344 2885 enotet,
1381 2845 1574 2889 vis-aspecta
1599 2843 1749 2878 videtur
1777 2843 1892 2889 scrip-

260 2905 337 2935 tum
362 2900 495 2944 fuisse3
521 2900 565 2935 cf.
593 2900 773 2945 Gepperti
799 2900 1054 2935 testimonium
1080 2912 1145 2945 aye
1163 2906 1316 2945 aspecta.
1356 2900 1486 2945 spatiis
1505 2900 1728 2945 computatis
1747 2903 1888 2935 certum

261 2961 330 3001 est,
354 2965 471 3004 specta
500 2968 573 2993 11011
598 2958 636 2992 111
661 2964 792 3003 spectes
818 2959 1063 2993 correctorem
1090 2957 1302 2991 mutavisse.
