2020 3278
1032 202 1035 203 γ
1081 141 1134 203 Ψ

289 279 406 319 Most.
439 277 521 318 412
553 293 615 333 sq.

559 344 721 388 Verum
755 344 798 385 id
830 344 1118 394 videndumst,
1151 344 1204 386 id
1237 344 1336 385 viri
1369 345 1569 387 doctist
1605 361 1732 403 opus

560 413 683 468 Quae
715 413 939 470 designata
971 413 1053 454 sint
1085 420 1126 454 et
1155 414 1269 454 facta
1300 414 1494 468 nequiter

557 481 806 536 Tranquille
838 488 990 523 cuncta
1021 490 1067 523 ut
1097 490 1334 537 provenant
1372 490 1412 523 et
1443 482 1531 524 sine
1564 483 1685 524 malo.

287 564 384 592 cum
420 550 541 594 Stich.
574 549 676 590 297:

559 617 688 660 Nunc
736 617 848 659 ultro
884 618 926 658 id
964 617 1206 673 deportem:
1252 618 1337 659 hau
1375 618 1526 674 placet,
1563 633 1699 673 neque
1729 619 1783 660 id
1814 619 1915 660 viri

1104 686 1343 728 officium
1376 687 1622 730 arbitror.

288 776 328 808 et
368 781 420 808 ne
460 768 502 808 in
535 781 583 809 eo
625 766 797 821 quidem
831 781 1004 821 possum
1027 765 1202 808 Loewio
1241 767 1512 822 adstipulari,
1544 767 1660 822 quod
1692 767 1794 810 dicit
1822 783 1918 824 opus

289 844 329 876 ut
361 836 540 877 fortasse
572 850 689 877 mera
725 835 968 890 corruptela
999 849 1051 876 ex
1086 835 1222 893 officiii
1260 843 1406 876 natum
1446 850 1551 877 esse.
1618 836 1737 877 cuius
1775 835 1918 892 opinio

293 914 338 947 ut
368 912 546 947 externa
575 904 717 961 specie
748 904 920 946 minime
953 904 1200 955 adiuvatur,
1233 904 1293 945 ita
1324 904 1414 946 eius
1450 903 1727 960 probabilitas
1767 919 1815 947 eo
1846 905 1919 946 im-

290 974 509 1024 minuitur,
543 973 657 1030 quod
688 973 804 1014 haud
836 973 895 1014 ita
925 987 1021 1014 raro
1051 973 1097 1014 A
1128 981 1169 1014 et
1198 972 1237 1014 P
1276 973 1385 1014 inter
1417 988 1461 1014 se
1493 973 1552 1014 ita
1584 973 1841 1028 discrepant,
1875 982 1921 1015 ut

288 1042 333 1084 in
355 1042 489 1084 altera
521 1041 766 1085 recensione
800 1041 885 1083 duo
916 1040 1138 1083 enuntiata
1169 1040 1466 1092 ὑποτακτικεῦς
1496 1041 1830 1097 coniungantur,
1876 1042 1920 1083 in

290 1111 422 1153 altera
468 1111 797 1166 παρατακτικιῦς
828 1117 1062 1166 ponantur,
1094 1109 1138 1150 id
1177 1109 1291 1166 quod
1324 1119 1412 1151 tum
1445 1109 1631 1150 maxime
1663 1125 1742 1151 usu
1775 1109 1919 1151 venire

289 1179 471 1229 videbis,
497 1194 591 1221 cum
614 1179 656 1220 in
689 1179 822 1220 altera
843 1178 1055 1219 sententia
1077 1177 1375 1220 coniunctivus
1401 1178 1587 1220 iussivus
1608 1177 1673 1219 vel
1703 1178 1919 1234 optativus

289 1248 429 1290 locum
462 1248 614 1298 habet,
647 1257 693 1289 ut
725 1247 845 1289 Stich.
869 1246 953 1288 299

345 1329 406 1369 A:
441 1327 512 1370 Sic
534 1327 615 1369 hoc
637 1326 808 1368 videtur
840 1326 944 1368 mihi
967 1326 1104 1382 magis
1137 1341 1230 1368 meo
1262 1326 1488 1368 convenire
1521 1326 1692 1368 nuntio:

412 1396 660 1437 Advorsum
694 1394 849 1445 veniat,
883 1394 1076 1436 obsecret
1106 1409 1142 1436 e.
1174 1409 1215 1449 q.
1247 1409 1279 1435 s.

346 1464 402 1506 P:
437 1464 509 1506 Sic
539 1464 619 1505 hoc
652 1495 661 1504 .
694 1495 703 1504 .
737 1495 746 1504 .
780 1464 945 1513 nuntio,
976 1463 1225 1504 Advorsum
1256 1470 1312 1505 ut
1340 1462 1507 1512 veniat,
1540 1461 1734 1504 obsecret
1763 1476 1798 1504 e.
1821 1477 1861 1517 q.
1888 1477 1920 1504 s.

391 1533 513 1576 Mero.
545 1532 628 1574 488
673 1533 737 1574 A:
777 1532 989 1574 Achillem
1022 1531 1165 1580 orabo,
1198 1546 1350 1573 aurum
1381 1541 1433 1572 ut
1463 1530 1567 1572 mihi
1600 1530 1668 1572 det

671 1599 732 1641 P:
765 1600 978 1642 Achillem
1010 1599 1153 1651 orabo,
1186 1615 1338 1642 aurum
1371 1599 1475 1641 mihi
1507 1599 1576 1641 det

406 1668 527 1710 Stich.
559 1668 644 1711 594
1263 1668 1402 1710 Immo
1434 1683 1564 1710 unum
1596 1668 1677 1710 hoc
1707 1674 1868 1724 potest:

677 1738 741 1779 A:
782 1736 918 1780 GEL.
966 1735 1112 1791 Quid?
1157 1737 1248 1779 ΕΡ.
1288 1736 1374 1779 Ubi
1406 1736 1611 1778 convivae
1641 1736 1836 1788 abierint,
1869 1744 1922 1777 ut

1106 1813 1196 1846 tum
1218 1808 1329 1861 (tum
1353 1813 1400 1847 ut
1430 1805 1687 1861 Ritschelius)
1718 1804 1865 1846 venias

685 1874 745 1916 P:
779 1873 915 1918 GEL.
944 1874 1090 1929 Quid-⁴?
1127 1873 1217 1915 ΕΡ.
1252 1872 1336 1916 Ubi
1362 1873 1568 1914 convivae
1598 1872 1800 1922 abierint,
1833 1879 1921 1913 tum

1107 1941 1254 1984 venias

372 2012 518 2052 Pseud.
546 2010 625 2052 153
666 2010 747 2052 Al:
779 2011 878 2053 Hoc
909 2010 1109 2052 videas:
1143 2010 1248 2051 alias
1280 2024 1347 2051 res
1379 2018 1514 2065 agunt

686 2079 743 2121 P:
773 2079 872 2121 Hoc
907 2079 1027 2121 vide
1059 2079 1153 2129 sis,
1185 2087 1242 2121 ut
1266 2078 1371 2120 alias
1402 2092 1468 2119 res
1500 2084 1634 2132 agunt

294 2157 346 2199 (le
392 2173 475 2212 quo
520 2159 615 2199 loco
662 2158 758 2200 vide
803 2174 912 2215 quae
958 2160 1069 2201 infra
1116 2159 1344 2209 disseram3
1392 2157 1542 2200 eadem
1577 2156 1817 2198 differentia
1855 2169 1920 2197 mc

294 2225 432 2267 iudice
471 2226 695 2268 intercedit
743 2228 850 2268 Trin.
883 2228 977 2269 749.
1013 2228 1115 2278 750,
1164 2242 1291 2284 quem
1330 2227 1468 2269 locum
1516 2225 1723 2282 peculiari
1756 2239 1921 2267 enarra-

294 2294 406 2335 tione
438 2294 726 2351 illustrab01).
797 2296 897 2352 quin
931 2297 1057 2338 etiam
1089 2296 1200 2338 inter
1220 2296 1445 2337 Palatinae
1470 2294 1728 2337 recensionis
1753 2293 1922 2336 codices

295 2362 401 2404 haec
434 2363 672 2405 differentia
710 2372 826 2406 extat
866 2365 957 2405 Mil.
988 2366 1087 2419 ylor.
1124 2364 1231 2405 1275

353 2431 411 2472 B:
445 2430 575 2488 [Quid
606 2432 693 2474 volt
724 2447 790 2474 me
820 2433 960 2475 facere
991 2433 1118 2492 istm]
1163 2433 1236 2475 Ad
1269 2433 1342 2475 sed
1375 2446 1446 2474 eas

354 2499 454 2542 OD:
1150 2502 1218 2543 Ad
1250 2516 1294 2543 se
1324 2508 1372 2543 ut
1402 2514 1485 2542 eas.

300 2580 494 2638 Denique
526 2588 706 2637 utraque
738 2582 863 2623 lectio
894 2581 937 2622 in
960 2581 997 2622 P
1029 2581 1254 2623 coniuncta
1285 2595 1376 2622 esse
1409 2579 1577 2621 videtur
1608 2579 1754 2619 Pseud.
1790 2577 1892 2618 191:

419 2649 507 2691 Fac
559 2652 614 2691 sis
661 2650 714 2691 sit
760 2650 947 2692 delatum
999 2650 1082 2691 huc
1115 2649 1218 2690 mihi
1263 2651 1540 2697 frumentum,
1592 2647 1709 2688 hunc
1761 2660 1920 2688 annum

1111 2716 1225 2771 quod
1258 2716 1361 2758 satis

416 2841 442 2884 ¹)
466 2841 562 2875 Casu
586 2841 676 2875 haec
701 2841 953 2885 discrepantia
977 2845 1107 2875 exorta
1131 2852 1209 2875 esse
1234 2840 1382 2874 videtur
1411 2840 1506 2874 Trin.
1533 2838 1614 2872 234:

495 2899 546 2932 A:
571 2897 642 2932 hoc
667 2898 718 2932 sie
744 2898 877 2932 faciam
903 2897 1036 2942 opinor
1064 2899 1079 2940 Η
1108 2897 1162 2932 Ut
1185 2900 1379 2940 utramque
1406 2905 1485 2929 rem
1510 2893 1619 2927 simul
1646 2895 1816 2936 exputem

496 2953 548 2990 P:
573 2954 643 2988 hoc
669 2953 720 2987 sie
746 2953 879 2987 faciam
904 2953 1036 2998 opinor
1065 2955 1080 2997 1Ι
1112 2952 1312 2997 Utramque
1338 2963 1415 2986 rcm
1441 2949 1550 2985 simul
1575 2952 1748 2996 exputem
