2020 3278
1054 144 1103 184 12

270 281 372 335 quid
409 296 507 321 vcro
539 279 883 322 Ambrosianus?
925 281 994 336 qui
1021 289 1183 322 tantum
1210 280 1342 331 abest,
1366 289 1411 323 ut
1435 281 1593 323 Locwii
1617 281 1888 323 artificiosam

261 349 575 391 distinctionem

807 417 904 459 Hoc
936 432 1080 459 corum
1112 418 1352 461 officiumst.

325 486 506 528 Mzivelis
538 486 657 542 lupos
691 486 804 541 apud
837 486 953 527 oreis
989 486 1180 542 linquere
1213 502 1339 541 quam
1373 487 1449 527 hos
1481 487 1594 528 domi
1627 487 1823 528 custodes

261 555 539 605 commendet,
581 562 625 596 ut
656 570 830 596 manum
862 555 1112 596 correctoris
1143 562 1288 610 aperte
1321 555 1485 611 prodat.
1546 555 1632 610 qui,
1665 563 1888 611 postquam

259 625 328 665 hoc
358 624 399 664 in
423 623 683 679 superiorem
707 638 884 665 versum
908 623 1024 674 abiit,
1049 623 1130 664 hoc
1166 624 1340 665 minime
1364 623 1596 680 respiciens
1629 623 1760 665 verba
1791 623 1890 666 inde

259 691 312 734 ab
351 708 483 733 eorum
530 692 570 732 in
619 699 798 733 metrum
847 691 1040 747 redigere
1087 692 1249 733 studuit
1304 693 1482 745 officinm
1527 708 1604 748 pro
1644 708 1740 749 opus
1795 692 1889 734 sub-

260 762 457 803 stituens:

317 830 476 871 Eorum
509 829 750 877 officiumst,
783 828 961 870 mavelis
992 828 1114 884 lupos
1146 829 1258 884 apud
1290 830 1407 871 oveis
1438 845 1566 886 (piam
1599 830 1674 871 hos
1708 829 1821 870 domi

845 896 1062 953 Linquere
1094 898 1302 942 custodes,

259 966 508 1008 correctoris
547 980 676 1021 opera
710 980 793 1021 quo
832 965 1061 1007 dilucidius
1094 976 1311 1022 appareat,
1365 967 1470 1008 illud
1508 968 1590 1017 hoc,
1643 976 1687 1009 ut
1720 981 1889 1009 consen-

258 1046 428 1076 taneum
466 1043 548 1083 est,
596 1034 837 1090 insequenti
877 1035 1016 1075 versui
1049 1036 1319 1076 restituatur:
1348 1037 1450 1076 ’iam
1500 1043 1679 1077 metrum
1732 1035 1887 1077 corruit

259 1119 397 1161 neque
420 1103 612 1159 dispicio,
647 1102 860 1157 quomodo
892 1117 975 1143 vox
999 1104 1189 1159 officinm,
1222 1104 1303 1145 nisi
1338 1104 1421 1144 alia
1454 1103 1585 1145 verba
1615 1105 1705 1146 sine
1737 1103 1890 1145 idonea

259 1188 387 1214 causa
429 1172 682 1219 mutaveris,
735 1171 895 1212 servari
930 1172 1083 1226 possit,
1123 1172 1324 1229 quoniam
1357 1171 1585 1213 iambicum
1625 1172 1890 1214 octonarium

259 1241 457 1283 constitui
512 1256 660 1282 versus
715 1255 810 1282 cum
863 1241 1162 1282 antecedentes
1224 1250 1312 1282 tum
1373 1249 1680 1295 consequentes
1732 1248 1889 1282 vetant.

260 1311 436 1366 lz‘nqecerd
486 1325 605 1359 vero,
654 1309 766 1365 quod
813 1308 893 1364 ipsi
940 1308 1095 1350 Plauto
1149 1310 1238 1351 sine
1286 1309 1374 1351 ulla
1427 1309 1691 1351 dubitatione
1733 1309 1887 1362 tribuo,

259 1380 485 1421 correctori
542 1377 763 1419 offensioni
814 1377 944 1418 fuisse
990 1393 1074 1418 non
1113 1378 1252 1419 credo.
1331 1377 1475 1432 itaque
1516 1378 1559 1418 in
1601 1377 1890 1419 Ambrosiano

259 1447 534 1489 mutationem
568 1454 631 1487 sat
663 1446 868 1487 audacter
906 1461 930 1486 a
963 1456 1199 1488 correctore
1236 1446 1474 1487 institutam
1517 1445 1888 1503 deprehendimus

380 1516 535 1556 Truenl.
569 1514 806 1556 246-250,

315 1585 378 1625 A:
404 1583 531 1626 Velut
564 1583 634 1624 hic
658 1591 737 1624 est
759 1583 1095 1633 adulescens,
1129 1583 1215 1638 qui
1238 1583 1484 1625 habitant
1506 1583 1606 1634 hic,
1638 1583 1889 1639 agrestis,

1074 1652 1331 1702 rusticus,

401 1719 541 1761 Nimis
586 1720 776 1761 mortalis
822 1720 990 1775 lepidus
1035 1721 1203 1777 nimisq.
1250 1718 1409 1775 probus
1453 1730 1670 1768 amator;
1725 1719 1800 1760 sed
1853 1718 1889 1759 is

1077 1789 1186 1830 clam
1218 1796 1404 1844 patrem

402 1857 544 1898 Etiam
579 1857 657 1898 hac
681 1866 803 1898 nocte
824 1857 898 1898 illa
919 1873 996 1912 per
1017 1857 1186 1899 hortum
1219 1857 1416 1898 transit
1446 1857 1500 1897 ad
1533 1871 1630 1906 nos;
1665 1870 1759 1897 eum
1794 1855 1889 1896 volo

403 1926 654 1979 Convenirc,
689 1927 763 1967 sed
796 1937 857 1967 est
888 1926 975 1967 hic
1007 1942 1116 1967 unus
1146 1941 1294 1967 servus
1327 1924 1674 1966 violentissimus.

317 1995 372 2036 P:
402 1995 454 2037 Ui
486 2004 530 2036 ut
564 1998 641 2050 (=
666 1994 802 2046 velut)
839 1994 908 2035 hic
947 1994 1178 2050 agrestis
1210 2003 1286 2035 est
1313 1993 1650 2042 adulescens,
1691 1991 1779 2048 qui
1807 1991 1889 2033 hic

1075 2063 1282 2119 habet1)

403 2131 542 2173 Nimis
575 2132 657 2188 pol
690 2131 876 2173 mortalis
908 2130 1074 2186 lepidus
1106 2131 1315 2187 nimisque
1347 2129 1506 2185 probus
1538 2129 1705 2179 dator,

407 2200 492 2242 Sed
524 2201 558 2241 is
593 2201 703 2241 clam
735 2209 870 2255 pater
895 2200 1021 2241 etiam
1054 2199 1134 2240 hac
1166 2198 1365 2257 nocte[m]
1398 2198 1495 2240 illac

407 2269 492 2310 Por
513 2269 581 2319 (B,
613 2284 689 2324 per
710 2268 808 2325 OD)
832 2268 1002 2310 hortum
1026 2268 1330 2309 transiliuit
1352 2267 1408 2308 ad
1430 2282 1526 2317 nos3
1559 2281 1654 2308 eum
1677 2265 1773 2306 volo
1795 2279 1888 2307 con-

1079 2335 1235 2378 venire.

406 2404 489 2446 Sed
523 2413 582 2445 est
616 2404 715 2445 huic
747 2419 855 2444 unus
888 2418 1034 2444 servus
1069 2402 1410 2444 violentissimus.

380 2472 550 2514 Primus
584 2473 634 2513 de
667 2472 745 2512 hoc
777 2471 870 2513 loco
903 2471 988 2527 egit
1019 2471 1354 2520 Studemundus,
1384 2470 1457 2526 qui
1488 2470 1529 2511 in
1558 2469 1691 2519 libro,
1731 2468 1798 2510 eui
1830 2469 1888 2509 in-

266 2539 464 2582 scribitur
517 2541 721 2595 Festgsrnss
780 2542 850 2580 «Ινν
895 2540 1203 2595 philoloffl'schen
1257 2538 1516 2594 Gesellsclzast
1566 2554 1615 2578 zu
1668 2537 1890 2592 Wiirzbury

264 2625 305 2665 p.
324 2609 377 2650 47
402 2609 507 2650 haec
529 2609 715 2650 disserit:
747 2608 870 2659 ,Vers
896 2608 950 2649 35
971 2608 1074 2663 <24ss
1097 2607 1287 2663 Schoell)
1313 2622 1427 2648 muss
1456 2607 1547 2648 eine
1572 2604 1889 2647 schwankende

267 2666 598 2733 fiberlieferung
619 2677 777 2734 gehabt
800 2676 960 2726 haben3
985 2676 1060 2717 der
1082 2675 1322 2717 Recensent
1347 2675 1421 2716 des
1437 2675 1494 2723 A,
1516 2674 1669 2716 dessen
1690 2673 1890 2729 Fassung

266 2761 414 2803 wegen
447 2747 521 2788 des
554 2746 832 2787 Pleonasmus
865 2747 1029 2801 ‹wyrestcs
1059 2747 1224 2785 rusticus
1263 2743 1350 2785 und
1391 2758 1539 2799 wegen
1580 2741 1654 2783 des
1691 2741 1888 2797 gewohn·

265 2815 453 2856 licheren
485 2815 638 2855 habitat
670 2822 767 2855 statt
800 2814 873 2855 des
904 2812 1189 2869 gewiihlteren
1234 2813 1348 2853 habet
1384 2809 1631 2868 gegeniiber
1669 2809 1743 2851 der
1774 2809 1888 2865 pala-

385 2964 412 3009 ι)
436 2963 529 2996 habit
556 2962 595 2997 B.
623 2962 693 2996 abit
720 2961 794 3002 (ΓΙ),
822 2961 921 2995 habet
946 2961 1019 3003 LZ,
1046 2960 1230 2996 Placidus.
