2020 3278
904 192 958 233 75

233 330 378 370 Pseud.
410 329 492 370 372

179 397 254 438 Ar:
289 397 450 439 Verum
474 412 735 453 quamquam
761 397 894 437 multa
920 396 1116 452 malaque
1140 397 1181 437 in
1201 412 1267 438 me
1289 397 1404 439 dicta
1425 398 1594 439 dixistis
1613 414 1652 439 m
1669 400 1680 440 i
1695 399 1745 439 hi

206 466 263 507 P:
297 465 380 508 Sed
413 481 673 519 quamquam
705 464 838 505 multa
869 464 1065 518 malaque
1100 465 1143 505 in
1175 479 1240 505 me
1274 465 1387 507 dicta
1419 465 1586 507 dixistis
1628 466 1745 507 mihi.

121 534 312 576 Usenero
368 535 524 590 (wmal.
568 534 666 589 phil.
717 532 824 573 1865
869 547 908 586 p.
950 531 1052 587 263)
1103 533 1423 575 concedendum
1470 544 1551 584 est,
1602 536 1643 575 in
1687 548 1748 576 me

120 610 266 644 natum
314 617 406 643 esse
454 617 507 643 ex
539 599 884 657 interpretatione
931 600 1214 655 grammatica
1266 601 1322 643 ad
1368 603 1469 644 milli
1513 603 1748 659 adscripta,

119 686 380 726 quamquam
422 671 501 711 hoc
543 670 682 711 minus
719 676 832 710 recte
865 668 992 718 dixit,
1036 669 1137 709 mihi
1172 670 1378 712 sermonis
1419 671 1612 713 Plautini
1653 686 1748 713 con-

118 740 275 781 stantia
305 739 534 795 postulari3
568 753 692 795 quem
716 736 917 778 refutavit.
939 736 1226 792 Niemeyerus
1258 738 1452 781 versibus
1476 740 1625 796 Amph.
1652 739 1746 781 742.

117 810 230 849 Asin.
266 808 357 850 155.
390 808 540 849 Bacch.
573 807 657 848 463
689 806 841 847 citatis.
906 813 950 847 ut
991 820 1139 848 versus
1170 807 1419 864 archetypi,
1457 808 1500 849 in
1541 824 1666 864 quem
1706 810 1749 850 in

116 892 177 918 me
207 876 452 932 irrepserat,
494 875 681 917 numeris
714 875 1070 931 adstringeretur,
1111 891 1244 916 verum
1275 876 1316 916 in
1354 878 1424 918 sed
1454 893 1478 918 a
1510 885 1746 919 correctore

116 952 325 986 mutatum
359 952 418 986 est
434 946 488 1000 ¹);
547 960 643 986 cum
685 959 769 998 qua
823 943 1055 985 mutatione
1087 943 1371 1000 Niemeyerus
1425 946 1566 1001 aptius
1619 962 1746 1001 quam

125 1014 236 1055 Tmo.
270 1013 349 1054 261
385 1014 446 1067 (A
478 1014 559 1062 secl,
590 1014 627 1054 P
659 1014 718 1069 at)
751 1026 1004 1068 componere
1036 1012 1173 1067 potuit
1205 1013 1354 1053 Bacch.
1388 1013 1484 1064 512,
1515 1014 1588 1056 ubi
1620 1014 1747 1057 trium

120 1097 319 1124 versuum
353 1083 511 1139 duplex
546 1082 587 1122 in
622 1081 841 1123 codicibus
873 1088 993 1122 extat
1023 1081 1181 1130 forma,
1224 1096 1404 1137 quarum
1436 1082 1568 1124 altera
1599 1081 1748 1138 incipit

115 1166 141 1192 a
171 1150 349 1204 ,Verum
381 1165 509 1207 quam
538 1150 623 1191 illa‘
657 1149 806 1199 ,altera
837 1164 862 1190 a
885 1148 984 1203 ‚Sed
1018 1157 1158 1190 autem
1192 1165 1320 1206 quam
1351 1150 1452 1192 illa‘.
1512 1151 1663 1192 similis
1687 1157 1748 1192 est

115 1234 257 1260 rerum
282 1218 474 1260 condicio
499 1219 621 1259 Mero.
645 1218 740 1267 267,
775 1218 848 1260 ubi
868 1218 958 1259 loco
984 1218 1165 1260 duorum
1199 1233 1382 1267 versum,
1416 1220 1488 1276 qui
1514 1219 1557 1260 in
1581 1221 1617 1260 A
1650 1228 1748 1261 sunt

229 1287 423 1331 Verum
454 1287 634 1328 hercle
666 1287 788 1328 simia
821 1287 894 1328 illa
927 1295 1054 1341 atque
1087 1287 1250 1328 haedus
1282 1288 1408 1345 m[ihi
1440 1288 1599 1330 malum
1617 1289 1698 1346 (‘?)]

230 1356 485 1412 Adportant.
517 1363 646 1413 atque
679 1370 749 1398 eos
778 1370 870 1398 esse
903 1371 1008 1410 quos
1042 1355 1208 1397 deicam
1242 1356 1417 1399 hauscio

116 1440 249 1467 unum
280 1424 484 1480 praebent
516 1425 559 1465 in
592 1424 647 1465 P:

229 1492 329 1535 Sed
361 1493 484 1534 simia
516 1493 589 1534 illa
620 1501 749 1547 atque
781 1492 943 1534 haedus
977 1494 1105 1535 timeo
1139 1493 1240 1550 quid
1274 1492 1417 1535 velint.

116 1577 231 1604 mero
286 1576 425 1604 errore
473 1563 582 1603 inter
634 1577 678 1603 se
725 1562 890 1603 confusi
935 1571 1033 1604 sunt
1080 1563 1186 1605 Men.
1220 1562 1264 1612 8,
1312 1562 1384 1604 ubi
1418 1578 1552 1603 rerum
1584 1563 1633 1613 P,
1679 1564 1748 1604 sed

115 1629 278 1672 Paulus
310 1645 349 1685 p.
381 1630 435 1671 28
468 1630 684 1680 exhibent,
717 1638 756 1672 et
779 1631 901 1671 Mero.
928 1631 1024 1681 765,
1059 1645 1143 1685 quo
1163 1645 1289 1672 versu
1305 1630 1348 1671 in
1371 1629 1595 1674 Avidetur
1617 1631 1749 1674 fuisse

259 1697 360 1740 Non
390 1713 472 1739 non
505 1707 545 1739 te
576 1699 715 1741 odisse
747 1699 887 1741 aiebat
918 1699 1006 1741 sed
1037 1715 1254 1741 uxorem
1289 1715 1409 1741 suam

173 1765 227 1808 P:
261 1766 362 1808 Non
392 1782 476 1808 non
509 1774 548 1808 te
580 1767 719 1808 odisse
752 1767 895 1809 aiebat
925 1782 1136 1809 uxorem
1168 1783 1344 1810 verum
1375 1784 1496 1810 suam

114 1835 188 1877 ubi
220 1850 275 1877 ex
306 1850 509 1891 perverso
532 1835 760 1878 verborum
795 1835 943 1878 ordine
966 1852 1099 1878 verum
1120 1837 1262 1878 versui
1284 1838 1384 1879 olim
1407 1838 1745 1894 superscriptum

114 1904 245 1945 fuisse
292 1903 484 1959 colligas.
547 1904 598 1945 de
645 1905 1009 1962 interpretationis
1055 1905 1098 1946 in
1137 1905 1174 1947 P
1219 1907 1360 1948 factae
1406 1907 1584 1949 consilio
1632 1907 1750 1949 iuvat

116 1972 287 2022 addere,
323 1972 437 2028 quod
469 1972 687 2015 Usenerus
713 1973 737 2015 l.
772 1987 806 2016 c,
839 1973 1093 2030 disputavit:
1138 1973 1234 2024 ‚Die
1269 1979 1468 2032 sp'ateren
1490 1975 1651 2017 Rbmer
1681 1976 1748 2018 be-

117 2042 289 2084 durften
321 2042 413 2083 hier
445 2042 562 2083 einer
592 2042 862 2099 Erklarungg
903 2042 978 2083 das
1020 2042 1130 2099 zeigt
1171 2059 1207 2085 z,
1238 2042 1290 2084 B.
1330 2042 1426 2087 Ter.
1457 2045 1540 2088 Ad.
1571 2044 1595 2085 I
1624 2044 1662 2094 2,
1697 2045 1749 2086 16

115 2112 189 2166 (96
216 2110 307 2167 U.):
337 2110 468 2162 „haec
495 2126 622 2166 quoni
645 2111 720 2161 illi,
742 2111 888 2161 Micio,
911 2111 1018 2164 dico,
1043 2110 1119 2152 tibi
1137 2111 1256 2153 (1100ιι
1285 2112 1361 2153 mit
1378 2112 1453 2154 der
1469 2112 1749 2168 Bemerkung

114 2194 196 2220 von
221 2179 439 2220 Donatus:
474 2180 564 2229 „illi
594 2194 670 2234 pro
702 2182 744 2220 in
769 2181 884 2221 illum
915 2187 955 2221 et
987 2181 1060 2221 tibi
1083 2195 1160 2236 pro
1192 2182 1233 2221 in
1265 2187 1341 2221 te.“
1390 2182 1610 2223 verissime
1643 2181 1746 2223 haec

115 2247 206 2301 ille,
255 2247 329 2289 sed
377 2247 456 2289 hoc
496 2247 685 2289 nondum
723 2249 826 2290 satis
859 2249 1077 2304 cognitum
1111 2256 1195 2299 est,
1237 2250 1365 2291 etiam
1407 2250 1500 2291 aliis
1533 2249 1636 2292 locis
1668 2251 1748 2292 hoc

114 2312 477 2372 interpretationis
525 2331 660 2371 genus
704 2317 905 2373 conspici.
973 2332 1157 2374 namque
1202 2332 1298 2360 cum
1337 2318 1381 2359 in
1422 2319 1544 2361 Stich.
1584 2334 1624 2359 v.
1669 2319 1749 2361 140

115 2385 382 2426 recensiones
414 2385 473 2427 ita
506 2385 770 2441 discrepent:

172 2450 234 2493 A:
269 2467 377 2509 quae
410 2454 526 2495 viro
556 2462 737 2509 nuptum
769 2451 894 2496 datur

170 2520 226 2562 P:
261 2536 369 2578 quae
401 2522 466 2564 ad
499 2522 668 2564 virum
700 2530 882 2578 nuptum
914 2522 1053 2573 datur,

234 2670 258 2711 ¹)
287 2669 326 2703 Si
351 2680 480 2704 revera
504 2670 542 2704 in
567 2670 639 2705 fine
663 2681 790 2704 versus
824 2671 860 2703 in
886 2670 921 2704 A
947 2672 1070 2712 extat,
1108 2670 1207 2714 quod
1233 2670 1443 2716 Geppertus
1469 2671 1652 2716 dispicere
1677 2672 1747 2706 sibi

115 2724 214 2758 visus
240 2727 295 2759 est
320 2726 456 2759 <mistis
483 2727 603 2770 impia,
628 2726 669 2760 in
693 2726 723 2760 P
749 2727 803 2760 ita
828 2737 972 2770 quoque
1002 2727 1169 2762 recensio
1196 2727 1393 2762 statuenda
1413 2730 1479 2768 est,
1505 2727 1746 2762 Ambrosiani

115 2785 239 2815 autem
263 2792 388 2815 versus
415 2782 514 2816 redit
539 2782 584 2816 ad
620 2782 771 2822 ‚Verum
798 2795 1018 2827 quamquam
1044 2784 1162 2818 multa
1186 2784 1286 2818 dicta
1318 2784 1410 2818 mihi
1436 2784 1584 2818 dixistis
1610 2783 1744 2827 impia‘,

116 2837 175 2871 cui
200 2838 360 2882 malaque
385 2850 429 2871 ex
454 2838 744 2882 interpolatione
780 2839 908 2873 eodem
933 2840 1042 2874 modo
1077 2840 1245 2874 additum
1270 2843 1386 2882 esset,
1420 2843 1530 2884 atque
1561 2841 1655 2874 Trin.
1681 2840 1743 2874 361

117 2892 155 2926 in
180 2893 216 2927 A
252 2895 348 2927 mala
385 2895 494 2928 multa
531 2896 703 2936 eveniunt,
740 2896 838 2929 Pers.
871 2897 938 2931 386
967 2898 1069 2941 fama
1102 2898 1155 2939 A,
1193 2897 1288 2930 mala
1320 2898 1422 2941 fama
1455 2897 1497 2931 P.
1557 2896 1601 2930 cf.
1634 2896 1746 2930 etiam

121 2950 223 2983 Tmo.
249 2950 327 2985 306.
350 2951 416 2985 312
455 2954 492 2984 et
524 2950 701 2985 Schoellii
721 2953 842 2997 praef.
868 2964 902 2996 p.
929 2952 1027 2987 XIX
1053 2965 1104 2997 sq.
1143 2954 1227 2986 mihi
1260 2953 1297 2987 in
1328 2954 1364 2987 A
1400 2953 1647 2996 interceptum
1679 2964 1745 2996 pu-

117 3006 270 3039 tandum
297 3009 392 3040 esset
418 3006 728 3051 interpretatione
753 3008 787 3041 in
812 3020 875 3043 me.
