2020 3278
854 127 908 167 535

65 280 149 318 quo
196 264 287 304 loco
321 264 397 303 nisi
431 278 576 304 casum
612 264 717 304 miro
763 265 888 304 modo
928 265 1113 305 valuisse
1153 264 1384 313 crcdimus,
1425 264 1528 304 nihil
1570 265 1689 305 relin—

67 332 222 386 quitur,
241 332 319 372 nisi
339 339 382 372 ut
394 333 690 374 Palatinorum
702 333 1031 388 grammaticum
1051 331 1214 372 iambos
1232 332 1384 387 legisse
1403 341 1690 381 suniamus‚11t

64 400 166 455 legit
189 399 463 441 Ambrosiani
497 407 711 442 corrector
735 399 924 440 eiusdem
946 399 1116 441 fabulae
1141 415 1210 441 vv.
1232 400 1328 441 368.
1351 400 1456 448 91ος
1480 400 1532 440 cf.
1559 415 1598 455 p.
1622 401 1688 441 63.

127 468 233 508 Trin.
266 467 316 508 71

175 536 238 577 A:
271 535 367 577 Nisi
400 543 444 578 tu
477 551 542 578 me
576 536 770 577 mihimet
801 549 948 577 censes
975 535 1189 576 dicturum
1222 535 1330 576 male

174 603 229 645 P:
262 602 358 644 Nisi
391 612 478 645 tute
510 604 611 645 mihi
646 619 712 646 me
744 618 889 645 censes
923 603 1137 645 dicturum
1171 604 1280 645 male

65 674 116 714 cf.
150 672 435 727 Niemeyerus
468 688 507 727 p.
543 673 609 714 33.

122 740 242 782 Stich.
275 740 353 783 331

177 810 235 850 A:
268 809 457 864 Respice
480 808 533 849 ad
556 823 622 850 me
648 816 689 850 et
719 809 910 863 relinque
944 816 1140 865 egentem
1172 809 1420 865 parasitum,
1450 807 1691 863 Panegyris

180 877 241 918 P:
274 877 460 933 Respice
492 892 558 918 me
591 881 630 919 et
660 878 851 932 relinque
883 885 1077 933 egentem
1111 892 1146 919 e.
1179 893 1219 932 q.
1252 892 1285 919 s·

62 946 104 986 in
125 945 162 987 P
188 946 494 987 correctionem
515 946 737 987 metricam
769 953 927 988 statuo:
960 946 1134 988 offendit
1166 946 1277 987 enim
1308 945 1616 1001 grammaticus
1647 944 1690 985 in

61 1014 238 1069 ‚respice
276 1014 331 1055 ad
370 1029 437 1055 me
479 1014 519 1055 e't
552 1015 778 1068 relinque‘,
822 1015 936 1068 quod
974 1029 1027 1056 ne
1060 1014 1316 1056 novissimus
1349 1013 1521 1070 quidem
1553 1013 1690 1054 editor

61 1082 242 1138 probare
283 1082 441 1124 debuit.
483 1083 526 1123 ni
565 1083 707 1133 fallor,
749 1084 792 1124 in
822 1084 1043 1137 utriusque
1081 1082 1339 1124 recensionis
1371 1082 1605 1136 archetypo
1637 1095 1689 1123 ex

61 1152 341 1200 correctione,
383 1151 554 1204 qualem
594 1151 937 1207 frequentissime
976 1151 1159 1192 inveniri
1196 1151 1309 1192 infra
1339 1149 1600 1198 videbimus,
1632 1165 1689 1191 re-

63 1220 194 1275 linque
225 1219 429 1274 scriptum
459 1219 540 1260 fuit
570 1234 646 1275 pro
679 1220 827 1275 linque:

172 1287 358 1344 Respice
398 1287 451 1329 ad
498 1302 566 1329 me
613 1296 653 1328 et
698 1288 843 1344 linque
891 1295 1087 1344 egentem
1132 1287 1390 1342 parasitum,
1436 1286 1689 1343 Panegyris.

61 1357 113 1398 cs.
147 1357 293 1397 Pseud.
333 1356 410 1399 140
442 1371 503 1410 sq.
546 1363 605 1406 ,ut
644 1356 822 1397 mavelis
854 1357 976 1411 lupos
1008 1356 1123 1411 apud
1154 1356 1270 1397 oveis
1302 1356 1513 1410 linquere,
1547 1355 1688 1410 Quam

61 1424 136 1466 hos
169 1424 282 1465 domi
316 1425 541 1466 custodes⁴.
604 1426 718 1466 Asin.
752 1425 834 1466 280
875 1440 982 1473 ‚eros
1013 1425 1056 1465 in
1088 1424 1306 1466 obsidione
1339 1425 1530 1479 linquet‘.
1594 1424 1686 1466 Cast.

63 1492 136 1533 III
171 1493 221 1533 12
254 1493 411 1545 ,lumen
443 1492 603 1547 linque‘
635 1494 710 1549 (=
740 1493 935 1548 morere).
969 1500 1096 1546 atque
1129 1493 1228 1534 huic
1260 1493 1529 1534 coniecturae
1560 1492 1689 1533 fidem

60 1561 173 1613 facit,
208 1560 322 1617 quod
355 1561 416 1601 sic
448 1561 555 1602 alter
587 1575 760 1617 quoque
793 1560 910 1602 locus
944 1568 1212 1616 persanatur.

120 1629 206 1672 Cas.
240 1629 289 1671 II
319 1628 417 1681 3,33

172 1696 385 1753 Relinque
434 1696 703 1753 aliquantum
749 1696 972 1746 orationis,
1020 1711 1113 1738 cras
1159 1697 1272 1752 quod
1320 1711 1488 1738 mecum
1533 1696 1687 1752 litiges.

60 1779 187 1819 quem
227 1779 322 1805 cum
375 1764 631 1806 antecedant
662 1764 890 1817 octonarii,
938 1774 1170 1821 sequantur
1201 1765 1428 1822 septenarii
1469 1765 1687 1815 trochaici,

61 1832 174 1874 hunc
196 1833 333 1874 solum
366 1848 535 1875 versum
569 1849 643 1888 per
675 1833 839 1875 iambos
871 1834 1092 1888 scripsisse
1126 1844 1294 1890 poetam
1326 1849 1350 1874 a
1382 1833 1685 1890 probabilitate

60 1900 278 1955 abhorret3
311 1916 388 1942 nec
411 1908 550 1956 potest
574 1902 817 1943 trochaicus
848 1901 935 1957 legi
967 1909 1162 1957 correpta-
1194 1902 1315 1944 verbi
1345 1902 1523 1957 relinque
1554 1901 1687 1943 altera

60 1969 245 2024 syllaba,
280 1970 330 2010 de
364 1985 448 2026 quo
483 1972 534 2011 cf.
566 1970 798 2012 Muellerus
830 1971 943 2010 Pros.
976 1971 1112 2011 Plane.
1146 1986 1186 2027 p.
1219 1971 1299 2012 251
1333 1986 1395 2025 sq.
1427 1971 1572 2025 itaque
1604 1984 1686 2011 me-

60 2051 156 2079 cum
188 2037 367 2079 scribas:

171 2106 341 2162 Linque
373 2107 640 2161 aliquantum
671 2106 895 2156 orationis,
929 2120 1022 2147 cras
1054 2107 1168 2161 quod
1200 2122 1367 2149 mecum
1398 2107 1552 2163 litiges.

61 2176 253 2218 Tertium
290 2175 419 2217 affero
452 2176 600 2218 Bacch.
634 2176 737 2226 496,
776 2175 1121 2216 intricatissimae
1163 2175 1429 2217 condicionis
1471 2176 1612 2218 locum
1643 2176 1686 2217 in

59 2253 239 2298 utraque
271 2243 518 2285 recensione
550 2243 698 2285 turbas
734 2258 998 2300 perpessum.

173 2314 233 2353 A:
273 2312 428 2354 Melius
461 2312 593 2354 multo
624 2327 690 2353 me
722 2327 891 2368 quoque
928 2327 1013 2353 una
1045 2313 1080 2353 si
1121 2327 1217 2353 cum
1256 2312 1385 2366 hoc²)
1423 2312 1686 2366 relinqueres

171 2380 229 2422 P:
260 2380 416 2423 Melius
450 2388 559 2422 esset
592 2395 657 2422 me
689 2395 859 2437 quoque
893 2396 975 2422 una
1009 2381 1043 2421 si
1076 2395 1172 2422 cum
1205 2380 1277 2422 illo
1309 2380 1585 2435 relinqueres.

60 2457 152 2490 esset
190 2450 234 2489 in
273 2449 487 2490 communi
535 2449 770 2504 archetypo
814 2449 944 2490 fuisse
983 2448 1169 2490 ostendit
1211 2450 1260 2498 ,si
1300 2474 1356 2480 —
1396 2449 1686 2503 relinqueres‘,

60 2517 174 2574 quod
197 2519 234 2558 A
258 2531 427 2571 quoque
449 2517 645 2572 praebet3
679 2516 794 2571 quod
817 2517 850 2558 si
875 2517 1132 2572 reponimus,
1158 2516 1253 2558 talis
1287 2531 1434 2559 versus
1467 2516 1509 2557 in
1542 2517 1684 2557 arche-

60 2594 163 2642 typo
193 2585 266 2627 illo
298 2586 429 2627 fuisse
461 2586 699 2627 credendus
731 2594 812 2627 est:

171 2652 326 2695 Melius
365 2662 475 2695 esset
505 2653 638 2695 multo
677 2669 743 2695 me
779 2667 946 2709 quoque
985 2668 1070 2695 una
1102 2654 1136 2694 si
1168 2668 1265 2695 cum
1298 2654 1378 2695 hoc
1408 2653 1683 2709 relinqueres,

59 2720 132 2762 ubi
166 2721 358 2776 linqueres
389 2729 571 2762 metrum
609 2720 715 2763 bene
747 2721 999 2763 restitueret.
1048 2721 1175 2762 aliam
1208 2721 1320 2763 viam
1361 2722 1575 2778 ingressus
1608 2728 1683 2771 est,

60 2789 133 2843 qui
160 2788 401 2831 Palatinam
433 2789 722 2833 recensionem
753 2789 964 2832 condidit:
1013 2788 1144 2831 verbo
1183 2790 1307 2830 multo
1338 2788 1428 2830 sive
1460 2802 1563 2830 casu
1594 2787 1683 2828 sive

180 2948 206 2991 ¹)
231 2946 293 2981 Sic
319 2946 527 2992 Geppertus
554 2948 642 2981 stud.
668 2946 708 2982 II
733 2959 766 2993 p.
792 2947 846 2982 33.
894 2948 1121 2984 Ritschelius
1147 2949 1183 2982 in
1210 2949 1243 2984 A
1272 2948 1364 2992 legit
1388 2947 1458 2981 illo.
