2020 3278
888 110 967 150 139

110 245 222 286 cerni
255 245 309 285 ab
340 246 471 301 ipsius
505 252 652 299 poetae
679 246 911 301 scriptura3
942 245 983 285 in
1016 245 1135 286 cuius
1159 245 1328 300 generis
1360 245 1463 286 locis
1495 246 1566 299 qui
1597 261 1735 302 gram·

108 314 361 355 maticorum
408 328 579 355 manum
622 323 748 368 atque
782 329 954 369 operam
988 327 1247 369 cognoscere
1279 312 1359 354 sibi
1395 313 1562 354 videtur
1594 322 1740 356 contra

108 381 452 439 probabilitatem
485 390 612 437 atque
644 382 751 424 adeo
784 390 929 423 contra
961 382 1168 423 rationem
1203 387 1379 437 pugnat.

168 450 278 491 Pers.
311 449 392 490 597

227 518 285 558 A:
317 517 384 559 Ne
409 526 566 559 temere
598 519 708 559 lianc
742 525 782 559 te
813 518 964 558 emisse
998 518 1114 558 dicas
1149 532 1215 559 me
1248 518 1477 574 impulsore
1510 525 1584 559 aut
1615 517 1740 559 inlice

222 585 277 627 P:
310 585 376 627 Ne
403 595 559 628 temere
582 586 692 627 lianc
714 595 753 627 te
777 587 929 627 emisse
951 585 1068 626 dicas
1093 600 1221 626 suasu
1254 592 1382 639 atque
1415 584 1603 640 impulsu
1633 600 1739 627 meo.

107 654 253 708 ecquis
286 654 338 696 sit
371 655 443 709 qui
483 662 579 696 utra
617 655 826 710 scriptura
859 670 882 695 a
913 653 1068 695 Plauto
1100 654 1291 709 profecta
1323 654 1376 695 sit
1408 668 1451 695 se
1485 667 1741 710 cognoscere

104 737 227 777 posse
274 723 521 766 confirmet?
573 723 625 764 cf.
658 722 941 778 Niemeyerus
988 737 1028 777 p.
1066 723 1109 771 1,
1164 723 1236 777 qui
1288 723 1331 763 in
1375 722 1737 777 comparationem

110 791 281 832 vocavit
303 792 420 832 Most.
445 791 527 832 916
560 791 642 839 ‚Me
667 807 839 833 suasore
862 799 991 847 atque
1014 791 1244 846 impulsore
1271 791 1315 832 id
1346 791 1508 832 factum
1538 790 1743 832 audacter

106 858 271 908 dicito‘3
320 860 433 899 Asin.
467 859 562 899 221.
604 860 753 900 Bacch.
786 859 852 900 53.
896 860 1015 901 Poen.
1048 859 1144 909 745,
1178 859 1332 915 quibus
1365 860 1473 901 inleoe
1504 866 1545 900 et
1577 860 1739 900 inlectus

104 927 332 968 invenitur.
374 926 529 981 quibus
570 942 651 968 non
693 928 903 969 omiserim
936 928 1094 969 addere
1129 929 1221 968 Aul.
1256 928 1336 969 737
1371 936 1411 969 et
1443 929 1543 978 795,
1584 927 1656 969 ubi
1689 927 1740 968 de

105 995 253 1036 eadem
286 1011 330 1036 re
353 995 530 1037 dicitur:
564 996 697 1045 ‚Deus
724 997 930 1052 impulsor
961 997 1065 1038 mihi
1097 996 1190 1037 fuit‘
1223 1003 1264 1037 et
1296 996 1405 1052 ,Ego
1438 1011 1504 1038 me
1536 996 1736 1038 iniuriam

104 1063 254 1105 fecisse
284 1064 396 1105 filiae
427 1065 563 1106 fateor
595 1097 603 1105 .
637 1097 645 1106 .
679 1064 852 1120 inpulsu
885 1064 1233 1107 adulescentiae‘.

162 1134 284 1174 Poen.
322 1133 614 1176 1330-1332

162 1200 225 1242 A:
257 1199 409 1242 Credo,
448 1201 450 1255 ξ
483 1210 522 1242 et
554 1216 633 1256 ego
666 1200 805 1242 credo.
839 1201 912 1243 sed
947 1216 1093 1243 eccum
1126 1201 1322 1243 lenonem
1355 1208 1569 1257 optume

254 1268 406 1313 Credo,
439 1271 448 1325 ,l
482 1277 525 1310 at
557 1284 636 1325 ego
668 1269 808 1311 credo.
882 1270 1033 1325 edepol
1064 1270 1132 1311 hic
1167 1271 1283 1311 venit
1315 1269 1564 1312 commodus

257 1338 421 1379 Bonum
455 1338 595 1379 virum
628 1352 774 1380 eccum
810 1338 934 1380 video
966 1338 1274 1380 redeuntem
1309 1339 1527 1380 domum.

161 1406 217 1447 P:
253 1406 406 1448 Credo.
443 1406 460 1464 ΙΙ
498 1413 539 1447 et
571 1421 650 1461 ego
683 1407 822 1448 credo.
856 1407 930 1449 sed
962 1422 1111 1448 eccum
1144 1407 1338 1449 lenonem
1372 1406 1568 1462 Lycum

252 1473 422 1516 Bonum
456 1475 595 1515 virum
627 1488 773 1515 eccum
808 1475 951 1517 video:
985 1490 1029 1516 se
1061 1475 1255 1531 recipit
1287 1475 1507 1517 domum.

105 1557 254 1584 versus
293 1542 400 1585 1330
438 1543 480 1583 in
518 1542 561 1583 A
596 1542 811 1597 duplicem
860 1543 1066 1585 habemus
1103 1543 1296 1596 formam,
1339 1559 1520 1598 quarum
1560 1544 1738 1585 alteram

71 1638 77 1642 -
104 1610 252 1666 (1331)
278 1626 329 1651 ex
355 1611 647 1667 dittographia
680 1612 879 1666 repetivit
903 1611 1144 1668 Ussiughae,
1179 1612 1221 1652 id
1255 1612 1370 1667 quod
1403 1612 1464 1653 sic
1496 1612 1738 1654 accuratius

109 1678 308 1732 equidem
332 1679 611 1729 definiverim‚
636 1690 678 1720 ut
701 1694 753 1720 ex
778 1681 1015 1737 exemplari
1039 1681 1214 1722 histrico
1240 1695 1332 1721 eam
1356 1681 1398 1721 in
1423 1681 1739 1722 Ambrosianae

106 1747 365 1788 recensionis
388 1748 671 1803 archetypum
696 1750 997 1805 transcriptam
1022 1764 1114 1790 esse
1148 1749 1305 1790 dicam.
1340 1749 1454 1806 quod
1487 1749 1540 1790 ad
1574 1756 1736 1791 ceteras

106 1815 375 1856 diversitates
413 1816 589 1866 attinet,
639 1818 735 1870 quis
773 1817 1077 1872 grammaticos
1119 1817 1161 1858 in
1198 1818 1300 1858 talia
1339 1817 1540 1859 incidisse
1580 1818 1738 1869 credat,

106 1883 147 1924 in
172 1883 325 1938 quibus
349 1884 542 1926 mutandi
575 1899 703 1926 causa
726 1885 844 1926 nulla
867 1886 1157 1941 conspicitur?
1190 1886 1244 1926 ad
1277 1901 1335 1936 ‚se
1369 1886 1520 1942 recipit
1552 1887 1738 1928 domum‘

105 1952 158 1992 cf.
184 1953 332 2008 Amph.
357 1954 438 1995 663
471 1952 664 2002 ‚Ecastor
695 1954 792 1994 med
816 1954 930 1996 haud
963 1954 1098 1995 invita
1130 1969 1172 1994 se
1197 1954 1368 1996 domum
1403 1956 1556 2010 recipit
1589 1964 1736 1997 suam‘.

103 2021 249 2061 Pseud.
271 2020 353 2061 789
385 2021 510 2070 ‚Erus
544 2035 691 2062 eccum
723 2022 874 2077 recipit
906 2037 949 2063 se
982 2023 1156 2065 domum
1190 2031 1227 2063 et
1261 2022 1378 2064 ducit
1411 2031 1619 2079 coquom‘.

158 2090 282 2130 silere.
314 2090 392 2132 251

217 2157 273 2198 A:
308 2157 404 2213 Ego
436 2158 548 2199 enim
579 2158 726 2213 lugere
759 2165 886 2214 atque
917 2157 1147 2200 abductam
1181 2159 1299 2200 illam
1331 2174 1459 2216 aegre
1490 2161 1579 2215 pati

214 2224 270 2266 P:
303 2225 398 2281 Ego
432 2227 544 2267 enim
578 2226 723 2282 lugere
756 2234 884 2281 atque
918 2226 1035 2268 illam
1068 2227 1300 2268 abductam
1333 2229 1548 2283 conqueri.

104 2293 381 2349 Niemeyerus
414 2309 584 2349 quoque
615 2310 656 2350 p.
688 2298 744 2338 40
776 2311 862 2337 rem
898 2296 941 2336 in
975 2295 1104 2337 dubio
1137 2296 1351 2353 relinquit.

162 2362 284 2402 Mero.
317 2362 400 2404 319

216 2429 270 2471 P:
303 2429 553 2471 Humanum
586 2440 783 2482 amarest,
817 2433 1052 2474 humanum
1085 2441 1227 2475 autem
1259 2434 1532 2489 ignoscerest.

102 2513 156 2539 ex
181 2498 454 2540 Ambrosiani
483 2499 678 2554 apicibus
703 2501 773 2556 (cf.
801 2499 970 2543 Goetzii
997 2502 1093 2544 adn.
1121 2502 1175 2543 ad
1202 2503 1259 2557 V.)
1278 2501 1477 2544 Gertzius
1498 2502 1737 2544 enucleavit

214 2566 467 2609 Humanum
506 2577 689 2610 amare-st
729 2578 854 2624 atque
893 2570 936 2610 id
968 2571 1034 2611 vei
1068 2570 1251 2626 obtingit
1283 2571 1422 2612 deum.

103 2635 276 2691 egregia
294 2643 356 2676 est
373 2643 555 2692 utraque
579 2638 789 2678 sententia
812 2647 851 2678 et
883 2639 1055 2694 egregie
1084 2639 1264 2695 quadrat
1290 2639 1344 2680 ad
1368 2639 1450 2680 loci
1469 2639 1735 2681 sententiam.

102 2704 334 2760 respiciunt
379 2705 492 2745 enim
528 2704 822 2747 Palatinorum
862 2706 994 2748 verba
1037 2722 1206 2749 versum
1249 2708 1331 2750 317
1377 2707 1499 2758 ,nihil
1541 2715 1603 2748 est
1635 2708 1733 2756 iam,

103 2772 216 2826 quod
248 2780 291 2813 tu
324 2772 427 2813 mihi
459 2779 726 2814 succenseas‘
759 2782 800 2814 et
831 2774 912 2816 321
947 2790 1012 2824 ,ne
1044 2775 1101 2816 sis
1124 2791 1189 2817 me
1223 2775 1431 2830 obitu-gaf,
1456 2775 1733 2816 Ambrosiam

102 2846 245 2881 autem
293 2839 425 2881 verba
471 2855 619 2882 versus
652 2841 731 2884 321
780 2841 906 2882 finem
956 2842 1048 2891 ,hoc
1082 2860 1162 2884 non
1198 2844 1394 2884 voluntas
1436 2858 1502 2884 me
1543 2844 1736 2900 impulit‘.

105 2922 128 2949 a
162 2908 395 2963 praestanti
430 2916 555 2964 poeta
588 2916 819 2965 utrumque
850 2909 970 2952 vides
1002 2913 1240 2969 profectum
1272 2925 1376 2956 esse,
