2020 3278
348 303 515 359 Quibus
550 303 657 346 locis
690 303 725 344 si
764 302 970 344 addidero
1003 303 1128 359 Epid.
1161 302 1264 352 606,
1303 302 1354 344 de
1387 317 1469 360 quo
1501 302 1588 344 iam
1619 317 1748 360 supra
1782 304 1865 359 egi,

235 372 446 416 exhausta
476 380 540 415 est
571 373 696 429 copia
728 371 932 422 locorum,
965 386 1071 426 quos
1102 371 1185 412 huc
1215 370 1472 426 pertinentes
1504 370 1669 427 collegi.

346 440 433 484 Sed
465 455 518 483 ne
550 439 735 482 Palatini
767 439 941 494 quidem
974 439 1183 482 eiusmodi
1216 439 1513 482 conaminibus
1546 448 1719 482 vacant:

295 510 385 554 Cas.
418 510 525 566 prol.
557 509 611 551 67

347 580 407 621 A:
440 578 550 622 Sunt
579 578 649 620 hic
679 578 790 619 inter
821 591 865 618 se
896 591 1002 632 quos
1033 591 1148 620 nunc
1181 576 1306 618 credo
1337 577 1479 619 dicere

346 648 403 692 P:
435 647 544 691 Sunt
576 647 646 690 hic
678 661 784 704 quos
816 645 943 687 credo
975 659 1090 687 nunc
1121 645 1231 687 inter
1263 659 1307 688 se
1338 645 1494 687 dicere.

294 717 382 760 Cas.
412 717 519 773 prol.
551 715 607 758 60
637 715 699 757 A:
732 714 867 756 filium
899 713 1031 755 sensit
1061 728 1185 756 suum

633 783 693 826 P:
725 783 858 824 sensit
888 782 1025 825 filium
1053 797 1190 826 suum.

236 853 275 897 P
305 852 578 910 illegitimum
610 852 654 894 in
687 851 834 907 quinto
867 851 1023 892 senarii
1054 851 1165 908 pede
1196 851 1386 894 iambum
1418 850 1639 907 praebent.

291 923 415 966 Mero.
431 922 516 965 544
547 922 607 963 A:
648 920 846 963 Tandem
877 920 1128 975 impetravi,
1169 935 1236 962 me
1269 927 1439 977 egomet
1469 926 1518 964 ut
1550 935 1865 977 corrumperem

550 989 607 1031 P:
644 988 841 1032 Tandem
869 988 1120 1044 impetravi,
1162 996 1208 1031 ut
1239 997 1407 1045 egomet
1437 1003 1504 1031 me
1536 1003 1866 1045 corrumperem.

299 1060 407 1102 Trin.
450 1059 503 1101 51
545 1058 624 1100 Az'
652 1056 769 1113 Quid
800 1057 874 1100 tua
906 1057 997 1114 agit
1028 1058 1166 1099 uxor?

548 1126 606 1168 P:
647 1125 762 1181 Quid
794 1127 883 1183 agit
914 1135 988 1170 tua
1018 1127 1158 1170 uxor‘?

298 1196 404 1239 Trin.
426 1194 510 1238 388
539 1195 603 1237 A:
644 1194 833 1238 Gravius
866 1203 987 1239 tuum
1018 1195 1098 1238 erit
1128 1211 1262 1238 unum
1294 1194 1472 1238 verbum

550 1263 610 1306 P:
652 1264 843 1307 Gravius
875 1265 954 1306 erit
985 1272 1106 1308 tuum
1138 1280 1270 1308 unum
1302 1263 1494 1307 verbum.

298 1334 406 1376 Trin.
428 1333 511 1375 376
542 1333 606 1376 A:
644 1332 726 1375 hoo
757 1340 882 1389 pacto
913 1333 967 1375 ab
999 1333 1072 1374 illo
1103 1348 1316 1376 summam
1348 1332 1475 1374 inibis
1507 1333 1692 1389 gratiam

550 1400 609 1443 P:
642 1401 724 1443 hoc
755 1409 882 1457 pacto
915 1401 969 1443 ab
999 1401 1073 1443 illo
1105 1401 1232 1443 inibis
1265 1416 1476 1443 summam
1509 1402 1705 1457 gratiam.

296 1471 404 1512 Trin.
428 1470 510 1513 652
540 1470 605 1512 A:
645 1470 794 1528 Atque
825 1470 953 1512 istum
986 1485 1065 1526 ego
1098 1485 1249 1527 agrum
1283 1470 1360 1511 tibi
1391 1470 1575 1527 relinqui
1601 1497 1656 1502 —-
1679 1477 1833 1529 expeto

548 1539 605 1581 P:
645 1539 794 1595 Atque
825 1554 905 1595 ego
935 1540 1064 1582 istum
1096 1554 1250 1597 agrum
1282 1539 1358 1582 tibi
1390 1554 1425 1581 e.
1460 1554 1500 1596 q.
1533 1554 1565 1580 s.

299 1609 406 1650 Trin.
428 1608 510 1650 451
543 1609 608 1651 A:
647 1608 843 1651 Mearum
876 1624 943 1651 ine
975 1623 1117 1651 rerum
1146 1608 1316 1650 novisse
1348 1615 1572 1663 aequomst
1603 1607 1797 1650 ordinem

551 1677 606 1718 P:
643 1676 838 1719 Mearum
870 1692 1013 1720 rerum
1043 1691 1110 1719 me
1141 1676 1310 1718 novisse
1342 1683 1564 1734 aequomst
1594 1676 1799 1719 ordinem.

292 1746 414 1789 Poen.
438 1745 522 1789 965
552 1742 618 1787 A:
652 1753 746 1787 tuas
779 1752 819 1787 te
852 1745 1073 1802 popularis
1103 1746 1190 1803 pati
1222 1745 1394 1789 Servire

545 1814 602 1856 P:
635 1823 675 1856 te
705 1821 801 1856 tuas
832 1814 1052 1870 popularis
1082 1814 1173 1869 pati
1204 1813 1387 1858 Servire.

291 1883 439 1926 Pseud.
473 1882 554 1925 743
585 1883 650 1924 A:
683 1897 776 1925 meo
811 1898 877 1924 me
909 1882 1010 1924 ludo
1041 1880 1253 1924 lamberas

589 1950 647 1993 P:
680 1966 746 1994 me
779 1966 873 1993 meo
904 1950 1006 1992 ludo
1036 1949 1262 1992 lamberas.

294 2020 386 2061 Mil.
417 2020 517 2075 ylor.
549 2020 632 2062 373
664 2020 730 2062 A:
763 2019 832 2061 Ibi
864 2019 948 2061 mei
980 2025 1081 2062 sunt
1111 2018 1292 2060 maiores
1324 2019 1392 2060 siti

662 2087 720 2130 P:
754 2087 823 2129 Ibi
855 2087 937 2129 mei
969 2087 1150 2130 maiores
1186 2094 1285 2129 sunt
1308 2087 1392 2137 siti,

234 2155 307 2199 ubi
340 2170 437 2199 cum
470 2156 745 2211 exquisitiore
776 2156 1053 2198 collocatione
1087 2156 1214 2198 etiam
1246 2162 1450 2198 accentus
1484 2156 1538 2197 ad
1573 2156 1763 2212 vulgaris
1785 2172 1867 2199 ser-

234 2225 371 2267 monis
405 2225 755 2268 consuetudinem
788 2224 1052 2267 reducuntur
1083 2225 1127 2266 in
1158 2223 1207 2268 P.

291 2294 382 2336 Mil.
411 2294 512 2349 ylor.
543 2293 627 2335 389

346 2362 412 2404 A:
444 2361 560 2403 Nam
593 2363 775 2417 arguere
806 2362 846 2402 in
885 2362 1046 2404 somnis
1077 2361 1145 2403 me
1182 2376 1301 2403 meus
1334 2360 1439 2401 mihi
1470 2360 1696 2402 familiaris
1734 2363 1868 2405 visust

349 2431 401 2472 P:
432 2429 548 2472 Nam
580 2430 759 2486 arguere
790 2430 834 2471 in
875 2429 1034 2471 somnis
1066 2429 1134 2471 me
1163 2429 1387 2471 familiaris
1419 2443 1538 2472 meus
1582 2430 1686 2471 mihi
1719 2432 1866 2475 visust.

291 2499 438 2540 Pseud.
473 2497 582 2539 1065
611 2496 675 2539 A:
709 2498 748 2540 O
779 2499 1009 2548 fortunate,
1040 2498 1302 2540 fortunatam
1336 2497 1441 2539 cedo
1472 2512 1647 2541 manum

613 2564 670 2607 P:
703 2564 741 2608 Ο
772 2566 1001 2616 fortunate,
1034 2566 1139 2608 cedo
1171 2568 1427 2609 fortunatam
1459 2582 1645 2612 manum.

300 2634 407 2675 Trin.
456 2633 564 2676 1049
611 2634 670 2674 A:
703 2648 848 2676 eorum
882 2649 936 2677 ex
967 2634 1140 2691 ingenio

610 2702 668 2744 P:
701 2717 755 2743 ex
787 2717 932 2745 eorum
965 2703 1148 2759 ingenio.

292 2770 420 2827 Epist.
452 2769 534 2812 238
573 2770 770 2820 ‚Paulum
809 2770 862 2813 ab
903 2771 987 2813 illis
1027 2771 1349 2814 dissimulabam
1388 2787 1533 2815 earum
1571 2773 1745 2829 operam
1784 2788 1865 2815 ser-

237 2839 353 2880 moni
385 2838 501 2880 dare‘
521 2839 579 2887 A,
612 2839 811 2889 ‚Paulum
843 2839 896 2881 ab
929 2839 1011 2881 illis
1043 2840 1366 2885 dissimulabam
1397 2857 1463 2883 me
1496 2841 1649 2884 harum
1679 2841 1863 2884 sermoni

241 2921 416 2964 operam
449 2907 565 2949 dare‘
596 2907 648 2959 P,
689 2907 761 2951 ubi
793 2923 854 2950 me
884 2909 1027 2949 Icarum
1066 2923 1150 2951 non
1189 2909 1310 2951 alteri
1341 2909 1579 2951 recensioni
1619 2909 1693 2951 sed
1733 2909 1865 2951 errori

237 2975 511 3021 tribuendum
543 2990 707 3023 censeo.
767 2976 1106 3034 transpositionis
1145 2977 1188 3020 in
1219 2978 1257 3020 P
1288 2977 1426 3020 factae
1465 2978 1572 3020 ratio
1605 2977 1755 3020 eadem
1785 2983 1865 3028 est,
