2020 3278
1099 127 1204 192 174-

322 265 447 320 Epz'd.
475 264 568 311 165,
601 262 673 304 ubi
706 264 927 303 arambulet
960 278 1036 318 pro
1068 265 1240 304 ambulet
1273 263 1327 306 ab
1359 271 1532 305 auctore
1565 264 1822 306 recensionis
1846 265 1951 306 Am·

324 331 550 373 brosianae
591 331 827 386 profectum
867 346 958 373 esse
1005 347 1134 387 supra
1181 332 1580 382 demonstravimus,
1624 340 1664 374 et
1699 334 1820 374 Mero.
1853 333 1950 383 271,

322 401 393 443 ubi
426 403 503 441 emit
543 415 619 458 pro
657 401 687 440 'eft
728 399 891 441 auctori
932 400 1191 442 recensionis
1232 400 1453 441 Palatinae
1492 400 1682 442 debetur.
1752 401 1827 443 sed
1868 401 1949 443 loci

320 470 511 526 gravitas
544 469 786 510 continetur
817 468 952 509 altera
985 468 1285 526 discrepantia,
1319 483 1428 523 quae
1461 469 1501 509 in
1535 469 1684 511 eodem
1718 485 1845 512 versu
1877 484 1946 512 ex-

319 546 392 582 tat.
445 554 543 579 nain
567 537 679 592 quod
703 538 774 577 has
795 553 888 577 sane
910 538 1003 578 hene
1023 536 1060 578 P
1086 537 1304 595 praebent,
1331 552 1462 594 prava
1483 553 1583 579 sane
1607 546 1668 580 est
1693 538 1950 591 coniectura,

323 607 397 648 sed
431 620 481 647 ea
514 606 602 647 eius
626 605 808 662 generis,
838 621 967 662 quam
997 621 1081 648 non
1111 606 1342 662 magistelli
1375 606 1597 648 cuiusdam
1629 606 1844 649 sedulitati
1877 606 1951 649 sed

321 675 401 732 ipsi
454 674 617 716 auctori
664 674 924 715 recensionis
971 674 1223 718 tribuamus.
1303 690 1428 731 quem
1477 684 1671 732 apertum
1719 683 1800 725 est,
1855 691 1951 718 cum

325 744 613 786 coniecturam
654 743 826 793 faceret,
874 750 970 784 ante
1002 744 1146 785 oculos
1180 744 1377 785 habuisse
1418 759 1501 785 non
1530 744 1784 800 scripturam
1824 759 1952 802 quam

320 813 361 854 A
394 811 569 869 praebet
598 812 785 852 insanum
807 812 910 865 bene,
945 812 1020 853 sed
1051 814 1188 853 insane
1209 813 1313 866 bene,
1347 827 1432 866 qua
1463 813 1551 854 sola
1583 812 1637 853 ad
1669 813 1949 856 mutationem

320 882 392 922 Ιιαε
423 895 516 921 seme
547 881 640 921 bene
678 880 815 937 potuit
847 880 1035 937 perduci.
1095 881 1207 923 hanc
1245 888 1386 938 autem
1431 882 1728 922 recensionum
1774 881 1951 924 diversi-

321 958 449 992 tatem
484 957 528 990 ut
566 964 757 991 summae
797 950 1044 1003 antiquitati
1082 949 1270 991 tribuam
1311 964 1441 1005 cogor
1472 950 1605 992 altero
1645 950 1736 992 loco
1767 950 1952 1007 gemello

321 1020 410 1062 Mil.
441 1019 541 1074 ylor.
581 1017 653 1072 24,
703 1033 831 1072 quem
868 1018 1131 1060 Ritsehelius
1182 1019 1355 1074 egregie
1394 1020 1591 1060 tractavit
1635 1018 1709 1075 Op.
1738 1019 1841 1075 phil.
1876 1019 1951 1061 III

321 1088 402 1130 789
435 1102 527 1142 sqq.

433 1156 500 1198 A:
532 1155 603 1198 Me
636 1155 716 1198 sibi
746 1155 926 1198 habeto:
959 1171 1039 1212 ego
1072 1171 1138 1198 me
1170 1157 1400 1214 mancupio
1432 1155 1564 1197 dabo:

524 1224 621 1267 Nisi
656 1239 788 1267 unum
815 1257 1153 1269 ...........
1173 1233 1241 1267 tur
1271 1226 1330 1281 (P)
1353 1226 1591 1267 insanum
1625 1225 1732 1267 bene

433 1293 489 1334 P:
521 1293 592 1335 Me
625 1293 704 1335 sibi
736 1293 917 1335 habeto:
951 1302 991 1336 et
1022 1309 1101 1351 ego
1133 1310 1200 1336 me
1232 1294 1459 1352 mancupio
1492 1294 1621 1336 dabo:

523 1361 620 1404 Nisi
653 1378 783 1405 unum
815 1363 1029 1420 epityrum
1062 1363 1177 1420 apud
1211 1363 1329 1405 illum
1362 1370 1477 1405 estur
1509 1364 1691 1404 insane
1724 1362 1895 1416 bene¹).

320 1431 409 1473 eius
456 1431 569 1473 enim
608 1431 688 1474 loci
728 1431 954 1473 diversitas
1001 1431 1241 1486 scripturae
1281 1432 1336 1473 ad
1376 1432 1469 1487 ipsa
1510 1431 1718 1475 Varronis
1762 1439 1953 1488 tempora

320 1502 515 1551 refertur,
562 1502 636 1558 qui
669 1500 868 1542 videlicet
908 1501 956 1541 de
987 1501 1012 1541 l.
1046 1500 1115 1541 lat.
1149 1499 1242 1543 VII
1273 1500 1327 1542 86
1342 1500 1375 1556 2)
1417 1508 1462 1542 ut
1495 1501 1527 1542 P
1564 1502 1700 1541 insane
1739 1501 1832 1541 bene
1870 1514 1952 1541 me-

318 1568 477 1610 moriae
509 1568 697 1610 tradidit.
757 1569 830 1624 qui
862 1583 1002 1623 neque
1043 1568 1278 1625 archetypo
1301 1567 1525 1610 Palatinae
1558 1568 1818 1610 recensionis
1850 1583 1951 1610 usus

322 1645 386 1678 est
416 1663 472 1668 ——
504 1651 600 1680 cum
632 1637 862 1680 verborum
902 1638 1014 1694 apud
1043 1638 1159 1678 illum
1196 1651 1280 1678 non
1314 1637 1450 1693 magis
1492 1646 1620 1692 atque
1661 1637 1704 1678 in
1741 1637 1785 1678 A
1819 1636 1951 1678 ullum

321 1706 548 1763 vestigium
581 1715 788 1763 appareat
829 1706 902 1762 (cf.
934 1722 975 1763 p.
1009 1706 1083 1761 76)
1113 1732 1169 1737 -—
1200 1720 1338 1761 neque
1370 1706 1607 1762 archetypo
1638 1705 1953 1748 Ambrosianae

319 1776 576 1818 recensionis
608 1802 664 1808 -—
694 1775 737 1817 id
784 1774 899 1832 quod
948 1790 1000 1817 ex
1049 1775 1219 1816 diversa
1265 1775 1476 1832 scriptura
1521 1776 1707 1815 insanum
1747 1781 1787 1816 et
1818 1775 1954 1815 insane

321 1845 608 1902 colligendum
641 1852 705 1887 est
743 1870 799 1876 —
837 1858 976 1899 neque
1010 1844 1195 1898 denique
1233 1858 1501 1886 communem
1543 1843 1766 1897 utriusque
1813 1856 1953 1884 recen-

320 1915 451 1957 sionis
500 1913 783 1971 archetypum
822 1929 1095 1956 communem
1143 1912 1342 1955 adhibuit
1386 1939 1443 1945 —
1487 1913 1531 1953 in
1563 1926 1648 1967 quo
1686 1920 1758 1954 aut
1788 1911 1852 1952 illi
1880 1918 1955 1952 aut

319 1984 576 2041 scripturam
607 1982 706 2026 inde
728 1983 969 2025 derivatam
1000 1983 1112 2038 apud
1141 1982 1257 2023 illum
1279 1982 1410 2023 fuisse
1442 1989 1585 2023 nostro
1604 1981 1697 2023 iure
1727 1980 1948 2022 sumimus.

318 2054 447 2096 immo
478 2062 523 2097 ut
546 2053 692 2096 Pseud.
714 2053 809 2103 955,
845 2051 896 2095 de
927 2066 1011 2106 quo
1043 2050 1137 2093 loco
1165 2050 1235 2107 egi
1266 2065 1308 2107 p.
1335 2050 1416 2091 120
1441 2056 1483 2092 et
1505 2051 1627 2092 Mero.
1651 2049 1780 2106 615³)
1811 2048 1951 2091 Varro

321 2121 468 2163 codice
500 2136 602 2164 usus
632 2136 724 2164 esse
758 2121 925 2164 videtur
963 2119 1018 2162 ab
1049 2119 1248 2162 omnibus
1287 2119 1370 2161 illis
1411 2118 1593 2163 diverso.
1654 2118 1758 2173 quid
1789 2116 1950 2173 igitur?

319 2189 575 2247 scripturam
614 2191 751 2231 insane
783 2190 877 2232 bene
913 2190 957 2231 in
999 2188 1166 2231 duobus
1203 2187 1445 2230 fabularum
1478 2187 1777 2230 Plautinarum
1809 2200 1948 2227 exem-

319 2256 510 2315 plaribus
543 2258 873 2314 antiquissimis,
922 2258 1039 2301 nullo
1072 2258 1182 2300 inter
1213 2273 1257 2299 se
1290 2271 1454 2299 conexu
1486 2255 1726 2298 coniunctis
1759 2254 1951 2296 extitisse

319 2327 506 2369 evictum
538 2334 620 2377 est,
668 2327 825 2383 quibus
863 2341 995 2369 unum
1037 2326 1199 2376 obstat,
1237 2326 1281 2367 in
1320 2341 1404 2381 quo
1434 2327 1621 2367 insanum
1651 2325 1744 2366 bene
1781 2323 1948 2381 legitur.

320 2411 404 2452 qua
442 2396 485 2437 in
524 2411 665 2438 rerum
697 2396 946 2438 condicione
978 2410 1076 2438 cum
1112 2410 1188 2451 per
1220 2410 1263 2437 se
1301 2402 1451 2437 neutra
1491 2394 1703 2451 scriptura
1733 2391 1953 2435 reicienda

437 2590 462 2634 ¹)
485 2590 548 2625 Ad
565 2601 673 2634 quam
691 2590 915 2635 scripturam
931 2589 1124 2624 Palatinos
1149 2588 1306 2623 sublatis
1324 2588 1526 2622 levioribus
1543 2586 1687 2622 mendis
1706 2586 1946 2621 librariorum

318 2647 441 2682 redire
466 2646 693 2681 Ritschelius
719 2646 1002 2681 demonstravit.

434 2716 461 2757 2)
488 2714 668 2750 Varronis
704 2714 817 2749 verba
842 2713 1049 2748 secundum
1087 2713 1166 2748 cod.
1206 2712 1371 2748 Floreat.
1413 2715 1516 2747 sunt:
1555 2712 1662 2757 ‚apud
1701 2711 1871 2757 plautum
1909 2711 1950 2745 si

320 2784 451 2807 unum
477 2771 658 2816 epityra
683 2773 849 2805 estuer
874 2771 1037 2805 insane
1062 2770 1187 2804 bene.
1238 2770 1423 2814 epityrum
1440 2768 1663 2804 vocabulum
1688 2770 1743 2803 est
1769 2767 1854 2809 cibi,
1881 2779 1951 2811 quo

320 2829 549 2873 frequentius
575 2828 706 2870 sicilia,
732 2839 842 2872 quam
867 2826 974 2862 italia
989 2838 1066 2861 usa.
1104 2826 1142 2860 id
1165 2826 1218 2870 (id
1236 2826 1296 2860 edi
1314 2826 1521 2869 Muellerus)
1548 2824 1845 2860 vehementer
1869 2835 1951 2858 cum

320 2886 433 2920 vellet
458 2885 592 2928 dicere,
618 2885 711 2921 dicit
736 2886 916 2927 insane,
942 2884 1041 2928 quod
1068 2879 1190 2918 insani
1212 2883 1354 2919 faciunt
1380 2882 1503 2917 omnia
1528 2881 1789 2917 vehementer‘.

435 2956 462 2998 3')
488 2954 562 2988 Nec
588 2954 628 2995 P,
655 2966 718 2987 non
748 2953 866 2987 Varro
893 2954 934 2986 de
960 2953 980 2986 l.
1008 2953 1067 2986 lat.
1094 2951 1173 2987 VII
1199 2953 1242 2988 60
1267 2953 1373 2986 unice
1398 2953 1508 2986 recte.
