<?xml version="1.0" encoding="UTF-8"?>
<!DOCTYPE html PUBLIC "-//W3C//DTD XHTML 1.0 Transitional//EN"
    "http://www.w3.org/TR/xhtml1/DTD/xhtml1-transitional.dtd">
<html xmlns="http://www.w3.org/1999/xhtml" xml:lang="en" lang="en">
 <head>
  <title>
</title>
<meta http-equiv="Content-Type" content="text/html;charset=utf-8" />
  <meta name='ocr-system' content='tesseract 3.04.00' />
  <meta name='ocr-capabilities' content='ocr_page ocr_carea ocr_par ocr_line ocrx_word'/>
</head>
<body>
  <div class='ocr_page' id='page_1' title='image "./deplautifabularu00baieuoft_0030.png"; bbox 0 0 2020 3278; ppageno 0'>
   <div class='ocr_carea' id='block_1_1' title="bbox 1042 133 1132 199">
    <p class='ocr_par' dir='ltr' id='par_1_1' title="bbox 1042 133 1132 199">
     <span class='ocr_line' id='line_1_1' title="bbox 1042 133 1132 199; baseline 0 -23"><span class='ocrx_word' id='word_1_1' title='bbox 1042 133 1132 199; x_wconf 31' lang='lat'>„18</span> 
     </span>
    </p>
   </div>
   <div class='ocr_carea' id='block_1_2' title="bbox 290 269 1915 805">
    <p class='ocr_par' dir='ltr' id='par_1_2' title="bbox 290 269 1915 805">
     <span class='ocr_line' id='line_1_2' title="bbox 604 269 1426 326; baseline 0.006 -16"><span class='ocrx_word' id='word_1_2' title='bbox 604 270 669 313; x_wconf 87' lang='lat' dir='ltr'>A:</span> <span class='ocrx_word' id='word_1_3' title='bbox 702 269 796 311; x_wconf 85' lang='lat' dir='ltr'>Hoc</span> <span class='ocrx_word' id='word_1_4' title='bbox 828 278 1148 326; x_wconf 87' lang='lat' dir='ltr'>postremumst:</span> <span class='ocrx_word' id='word_1_5' title='bbox 1182 287 1260 314; x_wconf 87' lang='lat' dir='ltr'>vae</span> <span class='ocrx_word' id='word_1_6' title='bbox 1293 273 1426 317; x_wconf 85' lang='lat' dir='ltr'>vobis.</span> 
     </span>
     <span class='ocr_line' id='line_1_3' title="bbox 699 337 1393 397; baseline 0.006 -18"><span class='ocrx_word' id='word_1_7' title='bbox 699 337 776 380; x_wconf 94' lang='lat' dir='ltr'>Ibo</span> <span class='ocrx_word' id='word_1_8' title='bbox 809 347 938 393; x_wconf 84' lang='lat' dir='ltr'>atque</span> <span class='ocrx_word' id='word_1_9' title='bbox 969 340 1081 382; x_wconf 91' lang='lat' dir='ltr'>hunc</span> <span class='ocrx_word' id='word_1_10' title='bbox 1113 340 1393 397; x_wconf 83' lang='lat' dir='ltr'>compellabo.</span> 
     </span>
     <span class='ocr_line' id='line_1_4' title="bbox 608 405 1343 462; baseline 0.007 -15"><span class='ocrx_word' id='word_1_11' title='bbox 608 405 666 449; x_wconf 87' lang='lat' dir='ltr'>P:</span> <span class='ocrx_word' id='word_1_12' title='bbox 699 406 792 448; x_wconf 90' lang='lat' dir='ltr'>Hoc</span> <span class='ocrx_word' id='word_1_13' title='bbox 824 409 1083 462; x_wconf 71' lang='lat' dir='ltr'>postremum</span> <span class='ocrx_word' id='word_1_14' title='bbox 1115 416 1178 450; x_wconf 89' lang='lat' dir='ltr'>est</span> <span class='ocrx_word' id='word_1_15' title='bbox 1208 409 1343 453; x_wconf 67' lang='lat' dir='ltr'>vobis.</span> 
     </span>
     <span class='ocr_line' id='line_1_5' title="bbox 701 474 1336 533; baseline 0.003 -17"><span class='ocrx_word' id='word_1_16' title='bbox 701 474 776 517; x_wconf 88' lang='lat' dir='ltr'>Ibo</span> <span class='ocrx_word' id='word_1_17' title='bbox 807 478 936 532; x_wconf 73' lang='lat' dir='ltr'>atque</span> <span class='ocrx_word' id='word_1_18' title='bbox 968 476 1080 517; x_wconf 88' lang='lat' dir='ltr'>hunc</span> <span class='ocrx_word' id='word_1_19' title='bbox 1113 477 1336 533; x_wconf 77' lang='lat' dir='ltr'>compello.</span> 
     </span>
     <span class='ocr_line' id='line_1_6' title="bbox 291 543 1915 602; baseline 0.006 -20"><span class='ocrx_word' id='word_1_20' title='bbox 291 543 446 583; x_wconf 80' lang='lat' dir='ltr'>etenim</span> <span class='ocrx_word' id='word_1_21' title='bbox 499 549 723 599; x_wconf 83' lang='lat' dir='ltr'>postquam</span> <span class='ocrx_word' id='word_1_22' title='bbox 775 545 915 600; x_wconf 87' lang='lat' dir='ltr'>priore</span> <span class='ocrx_word' id='word_1_23' title='bbox 974 560 1101 587; x_wconf 87' lang='lat' dir='ltr'>versu</span> <span class='ocrx_word' id='word_1_24' title='bbox 1146 560 1216 586; x_wconf 85' lang='lat' dir='ltr'>vae</span> <span class='ocrx_word' id='word_1_25' title='bbox 1267 555 1364 587; x_wconf 88' lang='lat' dir='ltr'>ante</span> <span class='ocrx_word' id='word_1_26' title='bbox 1415 548 1517 587; x_wconf 77' lang='lat' dir='ltr'>vobis</span> <span class='ocrx_word' id='word_1_27' title='bbox 1569 547 1754 602; x_wconf 83' lang='lat' dir='ltr'><strong>excidit,</strong></span> <span class='ocrx_word' id='word_1_28' title='bbox 1816 549 1915 591; x_wconf 88' lang='lat' dir='ltr'>inde</span> 
     </span>
     <span class='ocr_line' id='line_1_7' title="bbox 292 613 1914 673; baseline 0.005 -22"><span class='ocrx_word' id='word_1_29' title='bbox 292 620 505 652; x_wconf 86' lang='lat' dir='ltr'>corrector</span> <span class='ocrx_word' id='word_1_30' title='bbox 536 613 660 653; x_wconf 88' lang='lat' dir='ltr'>metri</span> <span class='ocrx_word' id='word_1_31' title='bbox 694 613 958 669; x_wconf 88' lang='lat' dir='ltr'>insequentis</span> <span class='ocrx_word' id='word_1_32' title='bbox 991 628 1138 655; x_wconf 89' lang='lat' dir='ltr'>versus</span> <span class='ocrx_word' id='word_1_33' title='bbox 1171 614 1361 656; x_wconf 88' lang='lat' dir='ltr'>mutandi</span> <span class='ocrx_word' id='word_1_34' title='bbox 1393 630 1540 657; x_wconf 85' lang='lat' dir='ltr'>ansam</span> <span class='ocrx_word' id='word_1_35' title='bbox 1574 617 1709 673; x_wconf 85' lang='lat' dir='ltr'>cepit,</span> <span class='ocrx_word' id='word_1_36' title='bbox 1743 617 1914 659; x_wconf 86' lang='lat' dir='ltr'>minime</span> 
     </span>
     <span class='ocr_line' id='line_1_8' title="bbox 291 679 1913 741; baseline 0.005 -21"><span class='ocrx_word' id='word_1_37' title='bbox 291 679 359 720; x_wconf 89' lang='lat' dir='ltr'>ille</span> <span class='ocrx_word' id='word_1_38' title='bbox 392 695 546 721; x_wconf 89' lang='lat' dir='ltr'>curans</span> <span class='ocrx_word' id='word_1_39' title='bbox 578 695 715 737; x_wconf 91' lang='lat' dir='ltr'>neque</span> <span class='ocrx_word' id='word_1_40' title='bbox 748 689 986 737; x_wconf 87' lang='lat' dir='ltr'>temporum</span> <span class='ocrx_word' id='word_1_41' title='bbox 1026 682 1335 724; x_wconf 83' lang='lat' dir='ltr'>intolerabilem</span> <span class='ocrx_word' id='word_1_42' title='bbox 1366 684 1742 727; x_wconf 83' lang='lat' dir='ltr'>inconcinnitatem</span> <span class='ocrx_word' id='word_1_43' title='bbox 1774 700 1913 741; x_wconf 84' lang='lat' dir='ltr'>neque</span> 
     </span>
     <span class='ocr_line' id='line_1_9' title="bbox 290 750 1063 805; baseline 0.003 -16"><span class='ocrx_word' id='word_1_44' title='bbox 290 750 604 805; x_wconf 85' lang='lat' dir='ltr'>insequentium</span> <span class='ocrx_word' id='word_1_45' title='bbox 637 764 836 791; x_wconf 88' lang='lat' dir='ltr'>versuum</span> <span class='ocrx_word' id='word_1_46' title='bbox 869 756 1063 791; x_wconf 89' lang='lat' dir='ltr'>metrum.</span> 
     </span>
    </p>
   </div>
   <div class='ocr_carea' id='block_1_3' title="bbox 1053 874 1147 928">
    <p class='ocr_par' dir='ltr' id='par_1_3' title="bbox 1053 874 1147 928">
     <span class='ocr_line' id='line_1_10' title="bbox 1053 874 1147 928; baseline 0 -13"><span class='ocrx_word' id='word_1_47' title='bbox 1053 874 1147 928; x_wconf 64' lang='lat' dir='ltr'>§a</span> 
     </span>
    </p>
   </div>
   <div class='ocr_carea' id='block_1_4' title="bbox 285 953 1912 1287">
    <p class='ocr_par' dir='ltr' id='par_1_4' title="bbox 401 953 1912 1015">
     <span class='ocr_line' id='line_1_11' title="bbox 401 953 1912 1015; baseline 0.003 -21"><span class='ocrx_word' id='word_1_48' title='bbox 401 954 448 994; x_wconf 91' lang='lat' dir='ltr'>In</span> <span class='ocrx_word' id='word_1_49' title='bbox 470 953 753 996; x_wconf 84' lang='lat' dir='ltr'>Ambrosiano</span> <span class='ocrx_word' id='word_1_50' title='bbox 777 968 1000 996; x_wconf 84' lang='lat' dir='ltr'>mensurae</span> <span class='ocrx_word' id='word_1_51' title='bbox 1016 954 1279 1010; x_wconf 88' lang='lat' dir='ltr'>syllabarum</span> <span class='ocrx_word' id='word_1_52' title='bbox 1300 955 1522 999; x_wconf 85' lang='lat' dir='ltr'>Plautinae</span> <span class='ocrx_word' id='word_1_53' title='bbox 1542 958 1692 999; x_wconf 84' lang='lat' dir='ltr'>aetatis</span> <span class='ocrx_word' id='word_1_54' title='bbox 1714 958 1912 1015; x_wconf 85' lang='lat' dir='ltr'>propriae</span> 
     </span>
    </p>

    <p class='ocr_par' dir='ltr' id='par_1_5' title="bbox 285 1022 1910 1287">
     <span class='ocr_line' id='line_1_12' title="bbox 289 1022 1910 1078; baseline 0.004 -15"><span class='ocrx_word' id='word_1_55' title='bbox 289 1022 343 1064; x_wconf 91' lang='lat' dir='ltr'>ad</span> <span class='ocrx_word' id='word_1_56' title='bbox 377 1037 546 1064; x_wconf 85' lang='lat' dir='ltr'>normas</span> <span class='ocrx_word' id='word_1_57' title='bbox 579 1022 855 1078; x_wconf 86' lang='lat' dir='ltr'>prosodiacas</span> <span class='ocrx_word' id='word_1_58' title='bbox 889 1023 1135 1064; x_wconf 85' lang='lat' dir='ltr'>recentioris</span> <span class='ocrx_word' id='word_1_59' title='bbox 1165 1024 1317 1066; x_wconf 85' lang='lat' dir='ltr'>aetatis</span> <span class='ocrx_word' id='word_1_60' title='bbox 1350 1032 1536 1067; x_wconf 86' lang='lat' dir='ltr'>mutatae</span> <span class='ocrx_word' id='word_1_61' title='bbox 1570 1032 1668 1066; x_wconf 91' lang='lat' dir='ltr'>sunt</span> <span class='ocrx_word' id='word_1_62' title='bbox 1700 1025 1823 1067; x_wconf 73' lang='lat' dir='ltr'>Stich.</span> <span class='ocrx_word' id='word_1_63' title='bbox 1855 1026 1910 1069; x_wconf 83' lang='lat'>64</span> 
     </span>
     <span class='ocr_line' id='line_1_13' title="bbox 342 1083 1909 1147; baseline 0.003 -14"><span class='ocrx_word' id='word_1_64' title='bbox 342 1091 401 1136; x_wconf 86' lang='lat' dir='ltr'>P:</span> <span class='ocrx_word' id='word_1_65' title='bbox 434 1092 527 1134; x_wconf 75' lang='lat' dir='ltr'>Non</span> <span class='ocrx_word' id='word_1_66' title='bbox 558 1092 749 1133; x_wconf 87' lang='lat' dir='ltr'>homines</span> <span class='ocrx_word' id='word_1_67' title='bbox 782 1091 975 1133; x_wconf 74' lang='lat' dir='ltr'>habitare</span> <span class='ocrx_word' id='word_1_68' title='bbox 1007 1107 1173 1134; x_wconf 88' lang='lat' dir='ltr'>mecum</span> <span class='ocrx_word' id='word_1_69' title='bbox 1206 1092 1308 1134; x_wconf 87' lang='lat' dir='ltr'>mihi</span> <span class='ocrx_word' id='word_1_70' title='bbox 1340 1083 1410 1135; x_wconf 79' lang='lat' dir='ltr'>hic</span> <span class='ocrx_word' id='word_1_71' title='bbox 1441 1093 1662 1147; x_wconf 88' lang='lat' dir='ltr'>videntur,</span> <span class='ocrx_word' id='word_1_72' title='bbox 1693 1094 1768 1136; x_wconf 88' lang='lat' dir='ltr'>sed</span> <span class='ocrx_word' id='word_1_73' title='bbox 1800 1109 1909 1138; x_wconf 79' lang='lat' dir='ltr'>sueS.</span> 
     </span>
     <span class='ocr_line' id='line_1_14' title="bbox 286 1150 1907 1219; baseline 0.001 -16"><span class='ocrx_word' id='word_1_74' title='bbox 286 1163 322 1203; x_wconf 84' lang='lat' dir='ltr'><strong>A</strong></span> <span class='ocrx_word' id='word_1_75' title='bbox 372 1160 510 1202; x_wconf 90' lang='lat' dir='ltr'>deleto</span> <span class='ocrx_word' id='word_1_76' title='bbox 551 1161 612 1200; x_wconf 73' lang='lat' dir='ltr'>hio</span> <span class='ocrx_word' id='word_1_77' title='bbox 650 1174 889 1201; x_wconf 87' lang='lat' dir='ltr'>mensuram</span> <span class='ocrx_word' id='word_1_78' title='bbox 933 1161 1033 1201; x_wconf 74' lang='lat' dir='ltr'>milei</span> <span class='ocrx_word' id='word_1_79' title='bbox 1076 1150 1138 1202; x_wconf 58' lang='lat' dir='ltr'>lde</span> <span class='ocrx_word' id='word_1_80' title='bbox 1166 1163 1345 1215; x_wconf 86' lang='lat' dir='ltr'>sustulit,</span> <span class='ocrx_word' id='word_1_81' title='bbox 1383 1162 1427 1203; x_wconf 91' lang='lat' dir='ltr'>id</span> <span class='ocrx_word' id='word_1_82' title='bbox 1477 1162 1591 1218; x_wconf 90' lang='lat' dir='ltr'>quod</span> <span class='ocrx_word' id='word_1_83' title='bbox 1628 1161 1907 1219; x_wconf 87' lang='lat' dir='ltr'>Niemeyerus</span> 
     </span>
     <span class='ocr_line' id='line_1_15' title="bbox 285 1227 1909 1287; baseline 0.002 -16"><span class='ocrx_word' id='word_1_84' title='bbox 285 1244 454 1287; x_wconf 91' lang='lat' dir='ltr'>quoque</span> <span class='ocrx_word' id='word_1_85' title='bbox 471 1231 532 1285; x_wconf 91' lang='lat' dir='ltr'>(p.</span> <span class='ocrx_word' id='word_1_86' title='bbox 550 1228 623 1284; x_wconf 78' lang='lat'>26)</span> <span class='ocrx_word' id='word_1_87' title='bbox 641 1227 846 1282; x_wconf 88' lang='lat' dir='ltr'>concedit,</span> <span class='ocrx_word' id='word_1_88' title='bbox 867 1243 962 1270; x_wconf 89' lang='lat' dir='ltr'>cum</span> <span class='ocrx_word' id='word_1_89' title='bbox 980 1231 1236 1272; x_wconf 88' lang='lat' dir='ltr'>novissimus</span> <span class='ocrx_word' id='word_1_90' title='bbox 1254 1230 1391 1272; x_wconf 88' lang='lat' dir='ltr'>editor</span> <span class='ocrx_word' id='word_1_91' title='bbox 1402 1230 1605 1273; x_wconf 84' lang='lat' dir='ltr'>Goetzius</span> <span class='ocrx_word' id='word_1_92' title='bbox 1621 1230 1909 1274; x_wconf 83' lang='lat' dir='ltr'>Ambrosiano</span> 
     </span>
    </p>
   </div>
   <div class='ocr_carea' id='block_1_5' title="bbox 285 1297 800 1340">
    <p class='ocr_par' dir='ltr' id='par_1_6' title="bbox 285 1297 800 1340">
     <span class='ocr_line' id='line_1_16' title="bbox 285 1297 800 1340; baseline -0.002 0"><span class='ocrx_word' id='word_1_93' title='bbox 285 1314 329 1340; x_wconf 90' lang='lat' dir='ltr'>se</span> <span class='ocrx_word' id='word_1_94' title='bbox 359 1298 561 1340; x_wconf 81' lang='lat' dir='ltr'>addicere</span> <span class='ocrx_word' id='word_1_95' title='bbox 593 1297 800 1339; x_wconf 88' lang='lat' dir='ltr'>maluerit.</span> 
     </span>
    </p>
   </div>
   <div class='ocr_carea' id='block_1_6' title="bbox 340 1364 1909 1490">
    <p class='ocr_par' dir='ltr' id='par_1_7' title="bbox 340 1364 1909 1490">
     <span class='ocr_line' id='line_1_17' title="bbox 397 1364 759 1421; baseline -0.006 -13"><span class='ocrx_word' id='word_1_96' title='bbox 397 1367 487 1408; x_wconf 77' lang='lat' dir='ltr'><em>Mil.</em></span> <span class='ocrx_word' id='word_1_97' title='bbox 518 1367 617 1421; x_wconf 72' lang='lat' dir='ltr'>ylor.</span> <span class='ocrx_word' id='word_1_98' title='bbox 655 1364 759 1408; x_wconf 83' lang='lat'>1138</span> 
     </span>
     <span class='ocr_line' id='line_1_18' title="bbox 340 1432 1909 1490; baseline 0 -13"><span class='ocrx_word' id='word_1_99' title='bbox 340 1436 406 1479; x_wconf 88' lang='lat' dir='ltr'>A:</span> <span class='ocrx_word' id='word_1_100' title='bbox 438 1435 661 1477; x_wconf 89' lang='lat' dir='ltr'>Neminem</span> <span class='ocrx_word' id='word_1_101' title='bbox 703 1433 857 1474; x_wconf 89' lang='lat' dir='ltr'>video</span> <span class='ocrx_word' id='word_1_102' title='bbox 905 1433 1007 1474; x_wconf 92' lang='lat' dir='ltr'>nisi</span> <span class='ocrx_word' id='word_1_103' title='bbox 1053 1432 1208 1484; x_wconf 91' lang='lat' dir='ltr'>hunc,</span> <span class='ocrx_word' id='word_1_104' title='bbox 1247 1448 1373 1490; x_wconf 90' lang='lat' dir='ltr'>quem</span> <span class='ocrx_word' id='word_1_105' title='bbox 1406 1433 1600 1475; x_wconf 91' lang='lat' dir='ltr'>volumus</span> <span class='ocrx_word' id='word_1_106' title='bbox 1639 1440 1909 1478; x_wconf 89' lang='lat' dir='ltr'>conventum.</span> 
     </span>
    </p>
   </div>
   <div class='ocr_carea' id='block_1_7' title="bbox 277 1508 1907 2858">
    <p class='ocr_par' dir='ltr' id='par_1_8' title="bbox 339 1508 1907 1696">
     <span class='ocr_line' id='line_1_19' title="bbox 826 1508 1093 1556; baseline -0.007 -13"><span class='ocrx_word' id='word_1_107' title='bbox 826 1508 867 1543; x_wconf 87' lang='lat' dir='ltr'>et</span> <span class='ocrx_word' id='word_1_108' title='bbox 894 1516 974 1556; x_wconf 88' lang='lat' dir='ltr'>ego</span> <span class='ocrx_word' id='word_1_109' title='bbox 1005 1516 1093 1543; x_wconf 89' lang='lat' dir='ltr'>vos.</span> 
     </span>
     <span class='ocr_line' id='line_1_20' title="bbox 339 1569 1621 1627; baseline -0.002 -12"><span class='ocrx_word' id='word_1_110' title='bbox 339 1574 400 1616; x_wconf 87' lang='lat' dir='ltr'>P:</span> <span class='ocrx_word' id='word_1_111' title='bbox 433 1573 655 1614; x_wconf 87' lang='lat' dir='ltr'>Neminem</span> <span class='ocrx_word' id='word_1_112' title='bbox 684 1570 769 1627; x_wconf 92' lang='lat' dir='ltr'>pol</span> <span class='ocrx_word' id='word_1_113' title='bbox 801 1569 955 1612; x_wconf 90' lang='lat' dir='ltr'>video</span> <span class='ocrx_word' id='word_1_114' title='bbox 987 1571 1091 1612; x_wconf 90' lang='lat' dir='ltr'>nisi</span> <span class='ocrx_word' id='word_1_115' title='bbox 1123 1570 1277 1621; x_wconf 90' lang='lat' dir='ltr'>hunc,</span> <span class='ocrx_word' id='word_1_116' title='bbox 1312 1585 1436 1627; x_wconf 90' lang='lat' dir='ltr'>quem</span> <span class='ocrx_word' id='word_1_117' title='bbox 1468 1586 1503 1612; x_wconf 90' lang='lat' dir='ltr'>e.</span> <span class='ocrx_word' id='word_1_118' title='bbox 1527 1585 1566 1625; x_wconf 93' lang='lat' dir='ltr'>q.</span> <span class='ocrx_word' id='word_1_119' title='bbox 1590 1586 1621 1613; x_wconf 76' lang='lat' dir='ltr'>s,</span> 
     </span>
     <span class='ocr_line' id='line_1_21' title="bbox 387 1639 1907 1696; baseline -0.002 -12"><span class='ocrx_word' id='word_1_120' title='bbox 387 1641 645 1684; x_wconf 87' lang='lat' dir='ltr'>Ritschelius</span> <span class='ocrx_word' id='word_1_121' title='bbox 663 1639 777 1696; x_wconf 90' lang='lat' dir='ltr'>quod</span> <span class='ocrx_word' id='word_1_122' title='bbox 793 1639 895 1680; x_wconf 74' lang='lat' dir='ltr'>hunc</span> <span class='ocrx_word' id='word_1_123' title='bbox 913 1639 1132 1695; x_wconf 89' lang='lat' dir='ltr'>utriusque</span> <span class='ocrx_word' id='word_1_124' title='bbox 1149 1640 1408 1680; x_wconf 85' lang='lat' dir='ltr'>recensionis</span> <span class='ocrx_word' id='word_1_125' title='bbox 1425 1639 1676 1681; x_wconf 88' lang='lat' dir='ltr'>testimoniis</span> <span class='ocrx_word' id='word_1_126' title='bbox 1692 1639 1907 1681; x_wconf 86' lang='lat' dir='ltr'>firmatum</span> 
     </span>
    </p>

    <p class='ocr_par' dir='ltr' id='par_1_9' title="bbox 277 1707 1907 2382">
     <span class='ocr_line' id='line_1_22' title="bbox 281 1707 1906 1764; baseline -0.002 -11"><span class='ocrx_word' id='word_1_127' title='bbox 281 1712 473 1764; x_wconf 88' lang='lat' dir='ltr'>removit,</span> <span class='ocrx_word' id='word_1_128' title='bbox 498 1709 651 1751; x_wconf 87' lang='lat' dir='ltr'>Plauto</span> <span class='ocrx_word' id='word_1_129' title='bbox 675 1709 760 1750; x_wconf 85' lang='lat' dir='ltr'>vim</span> <span class='ocrx_word' id='word_1_130' title='bbox 784 1707 940 1757; x_wconf 88' lang='lat' dir='ltr'>intulit,</span> <span class='ocrx_word' id='word_1_131' title='bbox 969 1707 1129 1764; x_wconf 89' lang='lat' dir='ltr'>quippe</span> <span class='ocrx_word' id='word_1_132' title='bbox 1151 1722 1204 1748; x_wconf 87' lang='lat' dir='ltr'>ex</span> <span class='ocrx_word' id='word_1_133' title='bbox 1228 1708 1347 1748; x_wconf 88' lang='lat' dir='ltr'>cuius</span> <span class='ocrx_word' id='word_1_134' title='bbox 1370 1723 1449 1749; x_wconf 89' lang='lat' dir='ltr'>usu</span> <span class='ocrx_word' id='word_1_135' title='bbox 1473 1707 1645 1750; x_wconf 88' lang='lat' dir='ltr'>dicendi</span> <span class='ocrx_word' id='word_1_136' title='bbox 1673 1723 1906 1764; x_wconf 89' lang='lat' dir='ltr'>pronomen</span> 
     </span>
     <span class='ocr_line' id='line_1_23' title="bbox 284 1775 1906 1833; baseline -0.002 -12"><span class='ocrx_word' id='word_1_137' title='bbox 284 1778 663 1821; x_wconf 84' lang='lat' dir='ltr'>demonstrativum</span> <span class='ocrx_word' id='word_1_138' title='bbox 709 1777 965 1833; x_wconf 87' lang='lat' dir='ltr'>requiratur.</span> <span class='ocrx_word' id='word_1_139' title='bbox 1026 1775 1288 1817; x_wconf 89' lang='lat' dir='ltr'>Ribbeckius</span> <span class='ocrx_word' id='word_1_140' title='bbox 1335 1775 1666 1818; x_wconf 85' lang='lat' dir='ltr'>Ambrosianum</span> <span class='ocrx_word' id='word_1_141' title='bbox 1700 1777 1906 1833; x_wconf 87' lang='lat' dir='ltr'>sequitur,</span> 
     </span>
     <span class='ocr_line' id='line_1_24' title="bbox 284 1844 1907 1904; baseline -0.002 -15"><span class='ocrx_word' id='word_1_142' title='bbox 284 1864 366 1890; x_wconf 88' lang='lat' dir='ltr'>non</span> <span class='ocrx_word' id='word_1_143' title='bbox 406 1849 506 1904; x_wconf 87' lang='lat' dir='ltr'>quia</span> <span class='ocrx_word' id='word_1_144' title='bbox 545 1860 790 1888; x_wconf 89' lang='lat' dir='ltr'>mensuram</span> <span class='ocrx_word' id='word_1_145' title='bbox 829 1846 907 1885; x_wconf 66' lang='lat' dir='ltr'>nisi</span> <span class='ocrx_word' id='word_1_146' title='bbox 945 1844 1047 1885; x_wconf 74' lang='lat' dir='ltr'>hunc</span> <span class='ocrx_word' id='word_1_147' title='bbox 1083 1845 1222 1886; x_wconf 90' lang='lat' dir='ltr'>minus</span> <span class='ocrx_word' id='word_1_148' title='bbox 1261 1845 1462 1886; x_wconf 84' lang='lat' dir='ltr'>usitatam</span> <span class='ocrx_word' id='word_1_149' title='bbox 1505 1845 1739 1897; x_wconf 88' lang='lat' dir='ltr'>existimet,</span> <span class='ocrx_word' id='word_1_150' title='bbox 1779 1859 1907 1901; x_wconf 88' lang='lat' dir='ltr'>quam</span> 
     </span>
     <span class='ocr_line' id='line_1_25' title="bbox 283 1911 1904 1974; baseline -0.004 -15"><span class='ocrx_word' id='word_1_151' title='bbox 283 1932 393 1974; x_wconf 88' lang='lat' dir='ltr'>quae</span> <span class='ocrx_word' id='word_1_152' title='bbox 433 1916 598 1958; x_wconf 87' lang='lat' dir='ltr'>admitti</span> <span class='ocrx_word' id='word_1_153' title='bbox 642 1915 775 1970; x_wconf 86' lang='lat' dir='ltr'>possit</span> <span class='ocrx_word' id='word_1_154' title='bbox 820 1913 1012 1969; x_wconf 87' lang='lat' dir='ltr'>(admisit</span> <span class='ocrx_word' id='word_1_155' title='bbox 1052 1914 1162 1954; x_wconf 90' lang='lat' dir='ltr'>enim</span> <span class='ocrx_word' id='word_1_156' title='bbox 1201 1914 1296 1968; x_wconf 75' lang='lat' dir='ltr'>quia</span> <span class='ocrx_word' id='word_1_157' title='bbox 1334 1912 1436 1954; x_wconf 61' lang='lat' dir='ltr'>hcine</span> <span class='ocrx_word' id='word_1_158' title='bbox 1466 1928 1506 1954; x_wconf 88' lang='lat' dir='ltr'>v.</span> <span class='ocrx_word' id='word_1_159' title='bbox 1534 1912 1636 1964; x_wconf 81' lang='lat'>472,</span> <span class='ocrx_word' id='word_1_160' title='bbox 1685 1913 1756 1967; x_wconf 64' lang='lat' dir='ltr'>dyo</span> <span class='ocrx_word' id='word_1_161' title='bbox 1802 1911 1904 1953; x_wconf 71' lang='grc' dir='ltr'>1ιᾶηο</span> 
     </span>
     <span class='ocr_line' id='line_1_26' title="bbox 281 1980 1907 2040; baseline -0.003 -13"><span class='ocrx_word' id='word_1_162' title='bbox 281 1985 485 2040; x_wconf 80' lang='lat' dir='ltr'>v.1008)‚</span> <span class='ocrx_word' id='word_1_163' title='bbox 524 1984 598 2026; x_wconf 90' lang='lat' dir='ltr'>sed</span> <span class='ocrx_word' id='word_1_164' title='bbox 636 1983 725 2024; x_wconf 87' lang='lat' dir='ltr'>sola</span> <span class='ocrx_word' id='word_1_165' title='bbox 764 1984 1018 2024; x_wconf 83' lang='lat' dir='ltr'>auctoritate</span> <span class='ocrx_word' id='word_1_166' title='bbox 1058 1980 1331 2022; x_wconf 87' lang='lat' dir='ltr'>Ambrosiani</span> <span class='ocrx_word' id='word_1_167' title='bbox 1371 1980 1567 2026; x_wconf 88' lang='lat' dir='ltr'>confisus.</span> <span class='ocrx_word' id='word_1_168' title='bbox 1634 1987 1823 2023; x_wconf 86' lang='lat' dir='ltr'>attamen</span> <span class='ocrx_word' id='word_1_169' title='bbox 1862 1987 1907 2022; x_wconf 89' lang='lat' dir='ltr'>ut</span> 
     </span>
     <span class='ocr_line' id='line_1_27' title="bbox 277 2050 1906 2112; baseline -0.004 -16"><span class='ocrx_word' id='word_1_170' title='bbox 277 2056 350 2112; x_wconf 76' lang='lat' dir='ltr'>pol</span> <span class='ocrx_word' id='word_1_171' title='bbox 390 2053 662 2096; x_wconf 85' lang='lat' dir='ltr'>affirmationi</span> <span class='ocrx_word' id='word_1_172' title='bbox 700 2050 1014 2108; x_wconf 87' lang='lat' dir='ltr'>Milphidippae</span> <span class='ocrx_word' id='word_1_173' title='bbox 1054 2050 1322 2106; x_wconf 81' lang='lat' dir='ltr'>aptissimum</span> <span class='ocrx_word' id='word_1_174' title='bbox 1364 2057 1444 2103; x_wconf 82' lang='lat' dir='ltr'>est,</span> <span class='ocrx_word' id='word_1_175' title='bbox 1485 2050 1545 2091; x_wconf 87' lang='lat' dir='ltr'>ita</span> <span class='ocrx_word' id='word_1_176' title='bbox 1582 2056 1780 2106; x_wconf 85' lang='lat' dir='ltr'>apparet,</span> <span class='ocrx_word' id='word_1_177' title='bbox 1821 2063 1906 2105; x_wconf 86' lang='lat' dir='ltr'>qua</span> 
     </span>
     <span class='ocr_line' id='line_1_28' title="bbox 281 2117 1905 2173; baseline -0.004 -8"><span class='ocrx_word' id='word_1_178' title='bbox 281 2124 443 2165; x_wconf 86' lang='lat' dir='ltr'>ratione</span> <span class='ocrx_word' id='word_1_179' title='bbox 476 2123 517 2163; x_wconf 88' lang='lat' dir='ltr'>in</span> <span class='ocrx_word' id='word_1_180' title='bbox 552 2122 588 2162; x_wconf 94' lang='lat' dir='ltr'><strong>A</strong></span> <span class='ocrx_word' id='word_1_181' title='bbox 621 2119 807 2162; x_wconf 85' lang='lat' dir='ltr'>deletum</span> <span class='ocrx_word' id='word_1_182' title='bbox 838 2120 917 2173; x_wconf 76' lang='lat' dir='ltr'>sit3</span> <span class='ocrx_word' id='word_1_183' title='bbox 948 2119 1258 2173; x_wconf 88' lang='lat' dir='ltr'>correptionem</span> <span class='ocrx_word' id='word_1_184' title='bbox 1292 2119 1404 2160; x_wconf 91' lang='lat' dir='ltr'>enim</span> <span class='ocrx_word' id='word_1_185' title='bbox 1436 2119 1553 2160; x_wconf 90' lang='lat' dir='ltr'>vocis</span> <span class='ocrx_word' id='word_1_186' title='bbox 1575 2118 1678 2159; x_wconf 75' lang='lat' dir='ltr'>hunc</span> <span class='ocrx_word' id='word_1_187' title='bbox 1708 2117 1905 2159; x_wconf 88' lang='lat' dir='ltr'>vitiosam</span> 
     </span>
     <span class='ocr_line' id='line_1_29' title="bbox 283 2184 1904 2247; baseline -0.004 -14"><span class='ocrx_word' id='word_1_188' title='bbox 283 2191 451 2245; x_wconf 85' lang='lat' dir='ltr'>habuit,</span> <span class='ocrx_word' id='word_1_189' title='bbox 485 2190 557 2247; x_wconf 90' lang='lat' dir='ltr'>qui</span> <span class='ocrx_word' id='word_1_190' title='bbox 589 2189 872 2245; x_wconf 87' lang='lat' dir='ltr'>archetypum</span> <span class='ocrx_word' id='word_1_191' title='bbox 903 2186 1179 2229; x_wconf 86' lang='lat' dir='ltr'>Ambrosiani</span> <span class='ocrx_word' id='word_1_192' title='bbox 1212 2187 1437 2228; x_wconf 88' lang='lat' dir='ltr'>recensuit.</span> <span class='ocrx_word' id='word_1_193' title='bbox 1487 2184 1731 2242; x_wconf 87' lang='lat' dir='ltr'>corrigendi</span> <span class='ocrx_word' id='word_1_194' title='bbox 1762 2192 1904 2227; x_wconf 85' lang='lat' dir='ltr'>autem</span> 
     </span>
     <span class='ocr_line' id='line_1_30' title="bbox 281 2253 1905 2313; baseline -0.004 -11"><span class='ocrx_word' id='word_1_195' title='bbox 281 2260 506 2302; x_wconf 90' lang='lat' dir='ltr'>consilium</span> <span class='ocrx_word' id='word_1_196' title='bbox 529 2266 576 2301; x_wconf 86' lang='lat' dir='ltr'>ut</span> <span class='ocrx_word' id='word_1_197' title='bbox 598 2266 795 2307; x_wconf 87' lang='lat' dir='ltr'>statuam,</span> <span class='ocrx_word' id='word_1_198' title='bbox 827 2272 876 2299; x_wconf 93' lang='lat' dir='ltr'>eo</span> <span class='ocrx_word' id='word_1_199' title='bbox 908 2256 1178 2313; x_wconf 86' lang='lat' dir='ltr'>potissimum</span> <span class='ocrx_word' id='word_1_200' title='bbox 1212 2254 1416 2308; x_wconf 85' lang='lat' dir='ltr'>adducor,</span> <span class='ocrx_word' id='word_1_201' title='bbox 1450 2254 1563 2311; x_wconf 87' lang='lat' dir='ltr'>quod</span> <span class='ocrx_word' id='word_1_202' title='bbox 1594 2254 1775 2297; x_wconf 87' lang='lat' dir='ltr'>alterum</span> <span class='ocrx_word' id='word_1_203' title='bbox 1799 2253 1905 2295; x_wconf 85' lang='lat' dir='ltr'>eius-</span> 
     </span>
     <span class='ocr_line' id='line_1_31' title="bbox 282 2322 1395 2382; baseline -0.005 -12"><span class='ocrx_word' id='word_1_204' title='bbox 282 2329 377 2371; x_wconf 89' lang='lat' dir='ltr'>dem</span> <span class='ocrx_word' id='word_1_205' title='bbox 411 2328 684 2371; x_wconf 88' lang='lat' dir='ltr'>correctionis</span> <span class='ocrx_word' id='word_1_206' title='bbox 718 2326 962 2382; x_wconf 88' lang='lat' dir='ltr'>exemplum</span> <span class='ocrx_word' id='word_1_207' title='bbox 996 2331 1114 2366; x_wconf 86' lang='lat' dir='ltr'>extat</span> <span class='ocrx_word' id='word_1_208' title='bbox 1138 2324 1258 2365; x_wconf 71' lang='lat' dir='ltr'>Poen.</span> <span class='ocrx_word' id='word_1_209' title='bbox 1287 2322 1395 2364; x_wconf 87' lang='lat'>1366</span> 
     </span>
    </p>

    <p class='ocr_par' dir='ltr' id='par_1_10' title="bbox 333 2388 1687 2452">
     <span class='ocr_line' id='line_1_32' title="bbox 333 2388 1687 2452; baseline -0.006 -14"><span class='ocrx_word' id='word_1_210' title='bbox 333 2397 444 2440; x_wconf 73' lang='lat' dir='ltr'>Fiat.</span> <span class='ocrx_word' id='word_1_211' title='bbox 504 2410 680 2452; x_wconf 85' lang='lat' dir='ltr'>sequere</span> <span class='ocrx_word' id='word_1_212' title='bbox 712 2395 822 2435; x_wconf 86' lang='lat' dir='ltr'>intro</span> <span class='ocrx_word' id='word_1_213' title='bbox 854 2399 1005 2449; x_wconf 87' lang='lat' dir='ltr'>patrue</span> <span class='ocrx_word' id='word_1_214' title='bbox 1036 2392 1107 2442; x_wconf 89' lang='lat' dir='ltr'>mi,</span> <span class='ocrx_word' id='word_1_215' title='bbox 1138 2391 1192 2433; x_wconf 82' lang='lat' dir='ltr'>1&#39;1t</span> <span class='ocrx_word' id='word_1_216' title='bbox 1222 2391 1358 2432; x_wconf 73' lang='lat' dir='ltr'>hunc</span> <span class='ocrx_word' id='word_1_217' title='bbox 1387 2390 1544 2432; x_wconf 87' lang='lat' dir='ltr'>festum</span> <span class='ocrx_word' id='word_1_218' title='bbox 1574 2388 1687 2430; x_wconf 86' lang='lat' dir='ltr'>diem</span> 
     </span>
    </p>

    <p class='ocr_par' dir='ltr' id='par_1_11' title="bbox 279 2462 1903 2858">
     <span class='ocr_line' id='line_1_33' title="bbox 337 2462 903 2519; baseline -0.005 -13"><span class='ocrx_word' id='word_1_219' title='bbox 337 2465 587 2507; x_wconf 89' lang='lat' dir='ltr'>Habeamus</span> <span class='ocrx_word' id='word_1_220' title='bbox 620 2462 853 2519; x_wconf 84' lang='lat' dir='ltr'>hilare[m].</span> <span class='ocrx_word' id='word_1_221' title='bbox 869 2463 903 2517; x_wconf 87' lang='lat'>¹)</span> 
     </span>
     <span class='ocr_line' id='line_1_34' title="bbox 280 2523 1903 2583; baseline -0.007 -8"><span class='ocrx_word' id='word_1_222' title='bbox 280 2534 340 2575; x_wconf 88' lang='lat' dir='ltr'>sic</span> <span class='ocrx_word' id='word_1_223' title='bbox 370 2533 420 2583; x_wconf 85' lang='lat' dir='ltr'>P,</span> <span class='ocrx_word' id='word_1_224' title='bbox 468 2547 564 2574; x_wconf 90' lang='lat' dir='ltr'>cum</span> <span class='ocrx_word' id='word_1_225' title='bbox 611 2532 654 2573; x_wconf 89' lang='lat' dir='ltr'>in</span> <span class='ocrx_word' id='word_1_226' title='bbox 692 2532 736 2572; x_wconf 93' lang='lat' dir='ltr'>A</span> <span class='ocrx_word' id='word_1_227' title='bbox 773 2531 874 2571; x_wconf 75' lang='lat' dir='ltr'>hunc</span> <span class='ocrx_word' id='word_1_228' title='bbox 920 2530 1149 2571; x_wconf 82' lang='lat' dir='ltr'>omittatur.</span> <span class='ocrx_word' id='word_1_229' title='bbox 1225 2541 1351 2582; x_wconf 90' lang='lat' dir='ltr'>quem</span> <span class='ocrx_word' id='word_1_230' title='bbox 1399 2540 1450 2567; x_wconf 92' lang='lat' dir='ltr'>ne</span> <span class='ocrx_word' id='word_1_231' title='bbox 1496 2525 1590 2582; x_wconf 89' lang='lat' dir='ltr'>quis</span> <span class='ocrx_word' id='word_1_232' title='bbox 1638 2523 1903 2580; x_wconf 81' lang='lat' dir='ltr'>sequendum</span> 
     </span>
     <span class='ocr_line' id='line_1_35' title="bbox 280 2592 1899 2655; baseline -0.006 -13"><span class='ocrx_word' id='word_1_233' title='bbox 280 2602 429 2651; x_wconf 87' lang='lat' dir='ltr'>ducat,</span> <span class='ocrx_word' id='word_1_234' title='bbox 460 2601 565 2642; x_wconf 85' lang='lat' dir='ltr'>hacc</span> <span class='ocrx_word' id='word_1_235' title='bbox 595 2600 725 2641; x_wconf 83' lang='lat' dir='ltr'>affero</span> <span class='ocrx_word' id='word_1_236' title='bbox 748 2598 962 2655; x_wconf 84' lang='lat' dir='ltr'>exempla:</span> <span class='ocrx_word' id='word_1_237' title='bbox 995 2598 1122 2654; x_wconf 75' lang='lat' dir='ltr'>Epid.</span> <span class='ocrx_word' id='word_1_238' title='bbox 1151 2597 1230 2638; x_wconf 79' lang='lat'>157</span> <span class='ocrx_word' id='word_1_239' title='bbox 1263 2603 1322 2647; x_wconf 90' lang='lat' dir='ltr'>‚ut</span> <span class='ocrx_word' id='word_1_240' title='bbox 1352 2595 1466 2637; x_wconf 91' lang='lat' dir='ltr'>hunc</span> <span class='ocrx_word' id='word_1_241' title='bbox 1488 2593 1614 2636; x_wconf 91' lang='lat' dir='ltr'>hodie</span> <span class='ocrx_word' id='word_1_242' title='bbox 1636 2593 1750 2635; x_wconf 91' lang='lat' dir='ltr'>diem</span> <span class='ocrx_word' id='word_1_243' title='bbox 1783 2592 1899 2634; x_wconf 90' lang='lat' dir='ltr'>lucu-</span> 
     </span>
     <span class='ocr_line' id='line_1_36' title="bbox 279 2660 1899 2722; baseline -0.006 -11"><span class='ocrx_word' id='word_1_244' title='bbox 279 2671 388 2712; x_wconf 89' lang='lat' dir='ltr'>lente</span> <span class='ocrx_word' id='word_1_245' title='bbox 418 2669 665 2710; x_wconf 86' lang='lat' dir='ltr'>habeamus‘</span> <span class='ocrx_word' id='word_1_246' title='bbox 697 2668 818 2709; x_wconf 64' lang='lat' dir='ltr'>Stich.</span> <span class='ocrx_word' id='word_1_247' title='bbox 844 2666 926 2708; x_wconf 78' lang='lat'>453</span> <span class='ocrx_word' id='word_1_248' title='bbox 963 2680 1029 2716; x_wconf 87' lang='lat' dir='ltr'>‚ne</span> <span class='ocrx_word' id='word_1_249' title='bbox 1060 2679 1140 2722; x_wconf 89' lang='lat' dir='ltr'>ego</span> <span class='ocrx_word' id='word_1_250' title='bbox 1170 2665 1284 2706; x_wconf 90' lang='lat' dir='ltr'>hunc</span> <span class='ocrx_word' id='word_1_251' title='bbox 1318 2664 1459 2705; x_wconf 88' lang='lat' dir='ltr'>lacero</span> <span class='ocrx_word' id='word_1_252' title='bbox 1481 2663 1608 2704; x_wconf 90' lang='lat' dir='ltr'>diem‘</span> <span class='ocrx_word' id='word_1_253' title='bbox 1656 2660 1738 2702; x_wconf 82' lang='lat'>421</span> <span class='ocrx_word' id='word_1_254' title='bbox 1771 2674 1899 2715; x_wconf 88' lang='lat' dir='ltr'>‚nunc</span> 
     </span>
     <span class='ocr_line' id='line_1_37' title="bbox 279 2728 1902 2789; baseline -0.007 -9"><span class='ocrx_word' id='word_1_255' title='bbox 279 2739 393 2780; x_wconf 89' lang='lat' dir='ltr'>hunc</span> <span class='ocrx_word' id='word_1_256' title='bbox 416 2737 525 2779; x_wconf 87' lang='lat' dir='ltr'>diem</span> <span class='ocrx_word' id='word_1_257' title='bbox 548 2752 680 2778; x_wconf 92' lang='lat' dir='ltr'>unum</span> <span class='ocrx_word' id='word_1_258' title='bbox 701 2737 797 2778; x_wconf 91' lang='lat' dir='ltr'>volo</span> <span class='ocrx_word' id='word_1_259' title='bbox 820 2750 885 2777; x_wconf 91' lang='lat' dir='ltr'>me</span> <span class='ocrx_word' id='word_1_260' title='bbox 910 2734 1143 2776; x_wconf 89' lang='lat' dir='ltr'>eleutheria</span> <span class='ocrx_word' id='word_1_261' title='bbox 1166 2739 1306 2789; x_wconf 85' lang='lat' dir='ltr'>agere‘</span> <span class='ocrx_word' id='word_1_262' title='bbox 1327 2732 1412 2774; x_wconf 78' lang='lat'>424</span> <span class='ocrx_word' id='word_1_263' title='bbox 1433 2745 1589 2782; x_wconf 89' lang='lat' dir='ltr'>,sumas</span> <span class='ocrx_word' id='word_1_264' title='bbox 1611 2729 1687 2771; x_wconf 90' lang='lat' dir='ltr'>tibi</span> <span class='ocrx_word' id='word_1_265' title='bbox 1709 2728 1762 2771; x_wconf 92' lang='lat' dir='ltr'>In</span> <span class='ocrx_word' id='word_1_266' title='bbox 1787 2730 1902 2771; x_wconf 87' lang='lat' dir='ltr'>hunc</span> 
     </span>
     <span class='ocr_line' id='line_1_38' title="bbox 279 2796 1899 2858; baseline -0.006 -10"><span class='ocrx_word' id='word_1_267' title='bbox 279 2807 418 2848; x_wconf 87' lang='lat' dir='ltr'>diem‘.</span> <span class='ocrx_word' id='word_1_268' title='bbox 487 2813 549 2847; x_wconf 88' lang='lat' dir='ltr'>est</span> <span class='ocrx_word' id='word_1_269' title='bbox 589 2812 730 2846; x_wconf 89' lang='lat' dir='ltr'>autem</span> <span class='ocrx_word' id='word_1_270' title='bbox 769 2804 839 2845; x_wconf 90' lang='lat' dir='ltr'>hic</span> <span class='ocrx_word' id='word_1_271' title='bbox 883 2803 1000 2844; x_wconf 90' lang='lat' dir='ltr'>locus</span> <span class='ocrx_word' id='word_1_272' title='bbox 1040 2816 1116 2858; x_wconf 92' lang='lat' dir='ltr'>pro</span> <span class='ocrx_word' id='word_1_273' title='bbox 1153 2801 1386 2842; x_wconf 88' lang='lat' dir='ltr'>certissimo</span> <span class='ocrx_word' id='word_1_274' title='bbox 1424 2799 1676 2841; x_wconf 89' lang='lat' dir='ltr'>documento</span> <span class='ocrx_word' id='word_1_275' title='bbox 1716 2796 1899 2854; x_wconf 84' lang='lat' dir='ltr'>correpti</span> 
     </span>
    </p>
   </div>
   <div class='ocr_carea' id='block_1_8' title="bbox 280 2900 428 2905">
    <p class='ocr_par' dir='ltr' id='par_1_12' title="bbox 280 2900 428 2905">
     <span class='ocr_line' id='line_1_39' title="bbox 280 2900 428 2905; baseline 0 0"><span class='ocrx_word' id='word_1_276' title='bbox 280 2900 428 2905; x_wconf 95' lang='lat' dir='ltr'> </span> 
     </span>
    </p>
   </div>
   <div class='ocr_carea' id='block_1_9' title="bbox 395 2928 1380 2997">
    <p class='ocr_par' dir='ltr' id='par_1_13' title="bbox 395 2928 1380 2997">
     <span class='ocr_line' id='line_1_40' title="bbox 395 2928 1380 2997; baseline -0.005 -10"><span class='ocrx_word' id='word_1_277' title='bbox 395 2956 420 2997; x_wconf 87' lang='lat'>¹)</span> <span class='ocrx_word' id='word_1_278' title='bbox 445 2953 489 2987; x_wconf 89' lang='lat' dir='ltr'>cf.</span> <span class='ocrx_word' id='word_1_279' title='bbox 516 2953 662 2996; x_wconf 86' lang='lat' dir='ltr'>Hasper</span> <span class='ocrx_word' id='word_1_280' title='bbox 687 2952 729 2985; x_wconf 71' lang='lat' dir='ltr'>tle</span> <span class='ocrx_word' id='word_1_281' title='bbox 755 2952 861 2985; x_wconf 81' lang='lat' dir='ltr'>Poen.</span> <span class='ocrx_word' id='word_1_282' title='bbox 887 2951 1004 2984; x_wconf 72' lang='lat' dir='ltr'>Plaut.</span> <span class='ocrx_word' id='word_1_283' title='bbox 1031 2948 1126 2993; x_wconf 79' lang='lat' dir='ltr'>dupl.</span> <span class='ocrx_word' id='word_1_284' title='bbox 1153 2928 1241 2982; x_wconf 57' lang='lat' dir='ltr'>erim</span> <span class='ocrx_word' id='word_1_285' title='bbox 1266 2959 1300 2992; x_wconf 87' lang='lat' dir='ltr'>p.</span> <span class='ocrx_word' id='word_1_286' title='bbox 1328 2948 1380 2982; x_wconf 80' lang='lat'>15.</span> 
     </span>
    </p>
   </div>
  </div>
 </body>
</html>
