2020 3278
885 158 907 166 —-

86 297 367 351 antiquiorem
392 302 480 336 tuni
505 294 777 349 integriorem
800 292 1048 333 memoriam
1074 296 1406 345 repraesentent,
1429 288 1542 342 quod
1565 298 1711 330 contra

83 371 231 407 auctor
253 362 510 404 recensionis
533 360 846 403 Ambrosianae
871 361 1013 402 dedita
1037 375 1166 415 opera
1193 359 1359 400 fabulas
1382 358 1482 400 satis
1506 359 1711 400 audacter

84 431 386 474 retractaverit.
401 432 434 486 ¹)
502 444 610 484 quae
660 429 692 470 si
741 429 970 470 contuleris
1016 443 1112 470 cum
1159 427 1230 468 illo
1275 426 1499 468 Ritschelii
1539 426 1710 476 iudicio,

82 499 341 541 concesseris
379 513 431 540 ex
473 498 624 539 horum
664 497 833 538 testium
875 511 1082 537 consensu
1124 496 1251 537 etiam
1292 495 1374 544 rei,
1406 494 1458 536 de
1497 510 1583 548 qua
1615 509 1708 536 con-

82 567 290 617 sentiunt,
342 582 426 608 non
466 566 723 607 mediocrem
763 579 1007 606 accrescere
1040 563 1410 620 probabilitatem,
1461 563 1711 618 praesertim

87 650 187 678 cum
239 636 414 677 accedat
455 635 603 676 tertius
644 633 951 675 Fleckeisenus
994 632 1037 673 in
1081 633 1290 673 annalimn
1329 646 1501 673 suorum
1534 631 1616 673 vol.
1650 631 1709 673 CI

85 718 124 759 p.
159 704 237 746 711
272 703 448 745 eandem
483 702 733 744 sententiam
766 701 995 756 professus.

194 771 395 827 Plerique
433 771 475 811 in
516 781 761 811 transcursu
802 777 968 811 tantum
1000 768 1114 810 hunc
1146 768 1384 809 studiorum
1415 766 1712 808 Plautium-um

83 840 220 882 locum
259 841 492 896 tetigerunt
530 847 572 881 et
609 839 648 880 in
690 839 816 880 unius
855 838 1083 879 alteriusve
1117 851 1266 878 versus
1297 835 1592 877 emendatione
1624 850 1712 876 ver-

83 916 240 958 santes,
272 908 409 950 sicubi
441 915 514 949 aut
544 907 587 948 in
620 908 662 949 A
693 915 767 948 aut
797 907 838 948 in
871 906 908 949 P
941 906 1191 948 arbitrariae
1224 904 1498 946 correctionis
1532 904 1713 960 vestigia

82 976 294 1019 detexisse
327 975 407 1017 sibi
440 975 519 1017 visi
553 985 662 1028 sunt,
696 975 747 1016 de
780 975 977 1016 universa
1001 974 1249 1029 quaestione
1271 973 1595 1016 iudicaverunt:
1628 988 1713 1030 qua

83 1045 155 1086 via
187 1053 230 1086 ut
263 1045 317 1086 ad
348 1044 558 1101 liquidum
587 1059 653 1085 res
685 1043 928 1085 adducatur
957 1043 1046 1084 fieri
1079 1043 1152 1084 vix
1185 1050 1336 1098 potest.

194 1114 349 1171 Itaque
382 1113 568 1155 cautiore
599 1113 680 1154 hae
712 1112 752 1153 in
786 1127 828 1154 re
860 1112 1018 1154 iudicio
1049 1127 1151 1154 usus
1174 1121 1237 1152 est
1259 1110 1501 1154 Guilelmus
1526 1110 1713 1153 Stude-

84 1182 260 1232 mund‚
293 1182 356 1222 vir
388 1197 470 1223 non
504 1197 585 1223 uno
617 1182 785 1223 nomine
821 1182 872 1223 de
906 1182 1059 1223 Plauto
1091 1181 1251 1238 optime
1285 1179 1479 1229 meritus3
1512 1179 1585 1234 qui
1616 1193 1712 1221 cum

82 1250 184 1292 alibi
208 1258 297 1292 tum
320 1251 361 1292 in
394 1251 748 1292 commentatione
778 1251 830 1292 de
855 1251 1107 1293 Trinummo
1131 1251 1263 1291 Alusei
1285 1249 1473 1290 Rhenam·
1496 1248 1576 1290 vol.
1599 1247 1714 1290 XXI

83 1319 243 1361 inserta
277 1328 317 1361 et
339 1319 532 1360 crebram
563 1319 607 1360 in
636 1319 888 1361 Trinummo
921 1319 1226 1361 correctionem
1260 1318 1418 1358 factam
1452 1331 1543 1358 esse
1576 1331 1714 1358 exem-

85 1389 166 1445 plis
212 1388 520 1431 demonstravit
565 1397 603 1430 et
652 1388 704 1430 de
750 1388 1065 1441 recensionum,
1121 1401 1228 1443 quas
1273 1386 1364 1442 ipse
1410 1384 1622 1426 subtiliter
1674 1393 1714 1427 et

84 1465 326 1499 constanter
358 1456 562 1509 disdnuit,
598 1456 846 1497 condicione
869 1455 1049 1497 iudicari
1082 1470 1167 1496 non
1190 1469 1315 1512 posse
1337 1469 1390 1496 ex
1414 1454 1713 1496 nonnullorum

82 1525 271 1567 locorum
312 1525 613 1581 pensitatione,
664 1525 792 1566 immo
831 1523 1026 1566 omnibus
1064 1524 1235 1566 demum
1276 1523 1381 1565 locis
1425 1523 1635 1579 congestis
1675 1530 1715 1565 et

84 1594 194 1635 inter
233 1609 276 1635 se
318 1601 523 1648 quantum
557 1593 648 1635 fieri
680 1602 818 1649 potest
850 1594 1109 1649 comparatis
1138 1592 1430 1648 integritatem
1463 1599 1503 1633 et
1535 1591 1714 1633 auctori-

83 1670 215 1704 tatem
251 1663 471 1719 utriusque
509 1662 767 1704 recensionis
808 1662 866 1703 ita
905 1661 1121 1703 aestimari
1159 1675 1283 1718 posse
1321 1668 1368 1702 ut
1407 1660 1509 1701 artis
1541 1660 1713 1702 criticae

82 1730 126 1772 in
156 1729 310 1772 Plauto
353 1730 614 1772 factitandae
661 1737 801 1772 certae
842 1730 956 1785 leges
995 1730 1093 1771 inde
1131 1736 1407 1786 apparerent,
1447 1728 1604 1786 optime
1645 1744 1714 1770 ex-

83 1799 238 1855 posuit..
306 1799 420 1855 quod
466 1798 601 1840 donec
647 1799 807 1841 factum
849 1809 958 1840 esset
1003 1799 1056 1840 de
1101 1798 1280 1854 singulis
1320 1797 1423 1839 locis
1466 1797 1713 1839 cautissime

84 1868 360 1911 iudicandum
400 1864 490 1910 esse
521 1867 842 1911 Studemundus
881 1867 1078 1924 exemplo
1118 1881 1194 1909 suo
1228 1866 1395 1917 docuit,
1437 1880 1534 1908 cum
1573 1880 1714 1907 recen-

188 2006 215 2048 ¹)
233 2005 399 2049 Beitriz'ye
415 2017 476 2038 :ur
493 2005 715 2039 lateinischen
731 2004 951 2038 Grammatik
968 2015 1002 2047 p.
1018 2004 1100 2038 123:
1119 2003 1201 2045 ,Die
1214 2002 1561 2047 verbaltnismiissig
1574 2003 1714 2048 jungen

86 2061 234 2096 Psalzer
257 2061 551 2096 Handseliriften
574 2061 849 2105 representiren
882 2061 940 2094 die
966 2060 1080 2094 'altere
1096 2060 1316 2102 Recension,
1341 2059 1516 2094 wahrend
1541 2059 1606 2093 der
1630 2059 1716 2093 weit

85 2118 200 2153 hiiher
243 2118 570 2153 hinaufreichende
614 2116 820 2151 Mailfinder
855 2117 1078 2160 Palimpsest
1120 2116 1200 2150 eine
1237 2118 1381 2160 spatere
1415 2115 1595 2150 Revision
1634 2115 1714 2149 dar-

83 2173 211 2209 bietet.
259 2173 336 2208 Der
361 2174 395 2208 A
419 2174 470 2208 ist
494 2174 681 2208 natiirlich
714 2173 782 2207 frei
807 2185 879 2207 von
914 2173 984 2207 den
1017 2172 1201 2206 zahllosen
1228 2171 1542 2213 Verderbnissen‚
1577 2171 1714 2205 welche

83 2231 154 2265 den
179 2230 275 2265 Text
298 2231 364 2265 der
387 2230 418 2264 P
442 2231 654 2272 entstellen;
690 2242 730 2264 er
753 2230 872 2264 bietet
903 2230 1008 2263 nicht
1040 2229 1158 2263 selten
1189 2229 1302 2262 allein
1327 2228 1443 2263 Hiilfe
1467 2229 1532 2262 dar
1536 2255 1713 2269 ......

83 2286 172 2322 aber
191 2287 589 2332 nichtsdestoweniger
611 2299 708 2321 muss
733 2287 793 2321 ich
817 2286 1020 2327 bekennen,
1047 2286 1140 2326 dass,
1164 2285 1202 2329 je
1219 2285 1348 2329 langer
1374 2285 1434 2318 ich
1452 2285 1550 2318 mich
1564 2285 1633 2318 mit
1650 2285 1715 2319 der

81 2343 212 2378 Kritik
236 2344 299 2379 des
330 2344 485 2379 Plautus
517 2345 747 2389 beschaftige
778 2344 852 2378 und
880 2345 917 2388 J'e
950 2343 1054 2377 mehr
1084 2353 1213 2376 unsere
1245 2341 1434 2375 Kenntnis
1470 2341 1533 2376 des
1570 2342 1605 2376 A
1632 2341 1708 2375 sich

83 2400 280 2442 erweitert,
305 2426 312 2433 .
340 2427 348 2435 .
373 2427 380 2434 .
407 2400 510 2435 desto
546 2401 664 2435 hoher
699 2401 797 2435 mein
834 2399 997 2444 Respeet
1021 2410 1088 2433 vor
1125 2399 1196 2433 den
1233 2397 1379 2432 Pfa‘lzer
1417 2397 1714 2432 Handschriften

83 2457 216 2502 steigt3
242 2457 339 2493 deun
362 2469 446 2491 man
465 2457 561 2492 sieht
578 2457 755 2493 deutlich.
780 2457 849 2491 wie
876 2457 928 2490 sie
955 2457 1006 2490 im
1024 2456 1174 2491 Ganzen
1191 2457 1320 2499 getreu
1350 2455 1409 2489 die
1426 2444 1714 2497 ffiberlieferung

82 2513 249 2554 wahren,
274 2514 450 2548 wahrend
475 2525 541 2548 uns
567 2514 617 2547 im
642 2514 676 2547 A
698 2513 839 2548 iiberall
865 2513 924 2546 die
949 2512 1132 2546 bewusste
1156 2510 1375 2555 Thatigkeit
1399 2511 1498 2545 eines
1524 2510 1714 2544 Kritikers

83 2570 364 2615 entgegentritt‚
390 2570 455 2605 der
479 2571 584 2604 nieht
608 2571 727 2605 selten
759 2570 843 2604 sehr
879 2569 948 2603 frei
981 2568 1057 2603 und
1089 2568 1314 2602 willkiirlich
1347 2567 1525 2608 verfahrt,
1557 2578 1644 2611 mag
1675 2577 1713 2600 er

83 2637 158 2660 nun
193 2627 285 2661 nach
322 2627 471 2671 eigener
505 2626 769 2671 Verinuthung
805 2626 864 2660 die
900 2625 1032 2660 Worte
1069 2625 1134 2660 des
1169 2624 1344 2659 Dichters
1380 2624 1585 2664 abandern,
1626 2623 1714 2657 oder

83 2682 221 2717 alteren
256 2683 413 2727 Quellen
454 2684 590 2727 solgeu,
631 2683 690 2717 die
731 2683 855 2717 seinen
895 2682 1100 2716 kritischen
1130 2681 1349 2726 Principien
1384 2681 1489 2715 mehr
1526 2683 1710 2724 zusagten,

85 2750 190 2774 wenn
217 2740 268 2773 sie
292 2740 385 2773 auch
410 2740 555 2773 minder
580 2739 796 2773 verlfisslich
821 2742 964 2773 waren.⁴
1013 2738 1103 2772 haec
1128 2738 1192 2772 ille
1218 2749 1300 2771 cum
1328 2737 1535 2772 Ritsehelio
1563 2746 1713 2769 consen·

84 2796 197 2838 tiens3
225 2796 321 2839 quod
346 2807 431 2829 vero
456 2795 591 2840 pergit,
617 2806 696 2829 eam
721 2796 975 2830 recensionum
1001 2795 1256 2829 diversitatem
1277 2796 1425 2838 praeter
1452 2794 1523 2827 alia
1543 2792 1712 2836 inprimis

85 2863 126 2886 eo
166 2852 399 2886 manifestam
431 2852 529 2893 fieri,
567 2852 665 2895 quod
696 2852 818 2886 hiatus
862 2852 900 2885 in
942 2851 972 2885 P
1009 2852 1224 2895 plerumque
1260 2851 1445 2895 patienter
1480 2850 1713 2884 toleraretur.

85 2909 130 2942 ab
157 2906 397 2943 Ambrosiani
424 2913 629 2943 correctore
655 2909 700 2942 ad
725 2908 919 2943 severioris
944 2908 1034 2942 artis
1059 2909 1157 2953 leges
1175 2908 1396 2952 exigeretur,
1422 2906 1459 2940 id
1477 2906 1573 2939 dixit
1598 2904 1712 2938 nimio

84 2964 207 3000 hiatus
222 2965 421 3000 excusandi
435 2965 556 2999 studio
566 2965 708 3005 ductus,
723 2964 820 3009 quod
840 2974 905 2999 suo
920 2964 997 2999 iure
1018 2964 1195 3000 acerrime
1217 2962 1450 3010 impugnavit
1472 2959 1711 2996 Ritschelius.
