2020 3278
864 115 944 156 115

87 250 493 305 Biihnenexemplar
531 250 661 291 selbst
697 250 1084 305 zuriickgehendcn
1125 250 1559 304 Scenenscheidung.‘
1623 249 1710 292 Μο-

90 317 304 359 stellariae
336 318 467 373 igitur
506 318 597 359 loco
629 319 919 360 antecedentis
953 318 1164 373 monologi
1205 318 1360 358 senarii
1394 334 1418 359 a
1451 319 1607 373 dialogi
1653 320 1712 359 in-

86 388 300 444 sequentis
342 396 475 429 metro
517 388 746 429 bacchiaco
788 402 921 428 novae
961 402 1138 428 scaenae
1171 387 1292 428 titulo
1326 387 1638 436 discernuntur,
1673 389 1712 428 in

87 456 131 497 A
164 470 300 510 neque
332 455 606 504 intervallum
639 470 775 511 neque
808 455 955 496 titulus
988 456 1267 509 interpositus
1300 464 1376 496 est.

205 523 420 579 Longiore
461 524 749 579 disputatione
788 538 894 578 opus
932 532 995 565 est
1035 523 1085 564 de
1125 524 1235 564 Pers.
1275 524 1440 564 scaenis
1482 522 1547 565 IV
1575 524 1716 572 6—8‚

89 592 141 634 de
173 592 328 648 quibus
361 592 488 647 paulo
521 592 819 647 neglegentius
853 592 937 648 egit
960 592 1215 648 Spengelius
1248 607 1288 647 p.
1320 592 1414 635 285.
1448 607 1573 633 versu
1605 592 1716 634 enim

87 661 171 704 726
217 675 313 702 cum
361 661 532 704 Saturio
579 676 603 701 a
650 660 804 702 Toxilo
850 669 1052 702 evocatus
1085 661 1126 701 in
1174 660 1475 714 proscaenium
1523 660 1716 716 prodeat,

88 729 347 785 Spengelius
380 744 535 771 novam
568 743 767 770 scaenam
800 728 899 769 inde
931 743 956 770 a
978 728 1119 770 verbis
1152 729 1280 780 ,Ecce
1314 737 1392 770 me‘
1428 730 1592 771 institui
1627 729 1720 770 vult

91 797 209 843 nisus
241 797 546 846 Ambrosiano,
586 797 659 851 qui
703 804 799 837 ante
838 796 953 837 hunc
986 812 1156 838 versum
1191 798 1376 854 spatium
1410 798 1536 839 unius
1569 812 1719 839 versus

88 874 306 908 monstrat.
329 880 466 922 neque
489 866 660 907 videtur
678 865 957 907 Ambrosiani
983 867 1230 907 memoriam
1251 867 1359 908 falso
1377 866 1647 922 interpretari
1661 868 1715 922 Ὃς

88 935 163 976 sed
202 949 298 977 cum
332 936 600 976 coniecturae
632 935 758 976 fidem
797 935 897 976 inde
928 934 1069 975 afferri
1111 944 1252 989 putat,
1293 935 1405 989 quod
1438 935 1574 976 codex
1606 934 1645 976 B
1676 935 1716 975 in

88 1003 209 1045 titulo
253 1004 395 1045 versui
434 1004 516 1046 683
555 1005 800 1059 praeposito
832 1004 909 1059 (sc.
938 1003 997 1044 IV
1020 1003 1064 1058 6)
1106 1018 1254 1044 nomen
1281 1002 1519 1045 Saturionis
1543 1019 1626 1045 non
1649 1019 1719 1044 ex-

89 1071 232 1114 hibeat
262 1072 324 1127 (in
356 1072 398 1113 D
430 1073 564 1114 altera
596 1088 724 1114 manu
757 1072 970 1113 adiectum
1004 1082 1097 1128 est),
1131 1087 1227 1113 eum
1260 1087 1432 1127 prorsus
1463 1072 1573 1128 fugit
1595 1071 1718 1113 Pala-

86 1140 197 1182 tinos
234 1140 334 1183 inde
372 1156 396 1182 a
430 1157 468 1181 v.
495 1142 574 1182 711
609 1156 764 1182 novam
806 1156 1006 1182 scaenam
1038 1140 1169 1182 ordiri
1202 1141 1324 1182 titulo
1358 1156 1459 1182 sane
1500 1149 1713 1182 carentem

88 1209 187 1263 (nisi
220 1209 335 1263 quod
367 1210 408 1250 in
432 1209 473 1250 D
498 1210 631 1251 altera
662 1225 790 1251 manu
823 1210 1006 1264 scriptus
1028 1211 1124 1262 est),
1158 1209 1232 1250 sed
1256 1209 1298 1250 in
1322 1224 1406 1263 quo
1430 1209 1714 1251 dubitandum

88 1292 172 1319 non
206 1286 268 1319 est
299 1278 403 1334 quin
435 1278 534 1319 oli1n
558 1279 728 1320 Saturio
759 1278 1001 1319 nominatus
1033 1279 1173 1319 fuerit.
1221 1279 1365 1332 itaque
1397 1278 1716 1320 memorabilem

89 1346 328 1402 detegimus
351 1346 648 1388 recensionum
671 1347 1016 1402 discrepantiam,
1040 1348 1159 1388 cuius
1184 1347 1405 1388 consilium
1430 1347 1471 1387 in
1494 1347 1720 1403 propatulo

89 1424 162 1457 est.
232 1414 551 1458 Ambrosianae
596 1416 854 1457 recensionis
895 1424 1043 1457 auctor
1082 1415 1303 1471 vulgarem
1336 1415 1474 1471 legem
1514 1416 1719 1470 sequitur,

89 1491 135 1525 ut
167 1484 338 1540 quando
370 1499 482 1525 nova
522 1499 706 1540 persona
749 1485 791 1525 in
832 1499 1030 1525 scaenam
1073 1483 1373 1540 progrediatur
1418 1499 1530 1526 nova
1568 1499 1723 1526 scaena

92 1552 358 1593 exordienda
390 1553 455 1593 sit.
518 1560 559 1593 at
599 1553 813 1609 integrum
847 1568 1018 1594 versum
1056 1568 1194 1594 novae
1226 1568 1406 1594 scaenae
1438 1553 1560 1595 initio
1592 1553 1720 1595 disse-

90 1621 191 1670 cari,
223 1620 414 1670 consilio,
446 1636 531 1677 quo
564 1621 604 1662 in
638 1622 803 1662 scaenis
837 1621 1149 1678 distinguendis
1181 1621 1409 1662 histriones
1437 1621 1718 1671 ducebantur,

89 1704 172 1731 non
205 1689 346 1731 minus
379 1699 603 1746 repugnat,
629 1705 764 1744 ‚quam
789 1690 1086 1732 Palatinorum
1120 1698 1234 1731 certe
1265 1690 1470 1732 librorum
1504 1691 1715 1732 constanti

91 1758 401 1799 consuetudini.
464 1759 619 1799 etenim
653 1766 698 1800 ut
731 1759 784 1800 ab
816 1759 896 1800 hoc
928 1759 1021 1800 loco
1052 1758 1314 1810 recedamus,
1347 1759 1541 1801 videmus
1583 1774 1720 1814 neque

47 1850 50 1853 ⁴
90 1827 208 1870 Most.
246 1827 330 1869 420
375 1842 530 1881 neque,
580 1827 694 1884 quod
742 1828 864 1883 longe
912 1827 1087 1883 gravius
1135 1837 1220 1877 est,
1274 1828 1386 1869 Truc.
1429 1829 1511 1871 914
1565 1844 1720 1871 novam

86 1910 291 1938 scaenam
322 1896 486 1937 institui
518 1896 647 1951 idque
690 1896 742 1938 ob
775 1912 867 1938 eam
901 1896 1169 1938 solummodo
1209 1911 1406 1946 causam,
1446 1912 1499 1939 ne
1530 1898 1574 1938 in
1613 1897 1719 1939 duas

91 1973 233 2019 partes
271 1980 419 2006 versus
459 1965 819 2020 disrumperetur3
859 1965 1011 2007 unicus
1052 1976 1193 2006 autem
1236 1965 1351 2020 quod
1381 1965 1513 2007 sciam
1558 1982 1720 2017 versus,

92 2031 164 2088 qui
195 2031 239 2071 in
279 2032 419 2073 medio
455 2047 706 2074 scaenarum
746 2033 1060 2074 distinctionem
1103 2034 1145 2073 in
1184 2033 1221 2074 P
1259 2035 1462 2088 ostendit,
1506 2036 1718 2077 noviciam

92 2099 181 2140 eius
214 2099 421 2156 originem
461 2116 562 2156 prae
596 2117 638 2142 se
671 2103 760 2144 fert.
822 2102 863 2141 in
896 2102 1045 2142 Bacch.
1079 2118 1116 2145 v,
1148 2103 1232 2144 583
1270 2112 1366 2158 post
1399 2104 1529 2145 verba
1561 2104 1717 2161 ‚Ecqui

94 2167 222 2209 exit?·
255 2168 298 2208 in
331 2168 477 2210 codice
512 2175 653 2210 vetere
687 2184 822 2210 novae
862 2184 1042 2210 scaenae
1074 2171 1221 2212 titulus
1260 2173 1445 2228 scriptus
1478 2180 1541 2213 est
1573 2173 1720 2223 ‚Pisto-

95 2235 232 2276 clerus
264 2236 552 2286 adulescens‘3
594 2237 638 2277 in
671 2250 754 2293 quo
786 2252 896 2292 quae
928 2238 1194 2280 desideratur
1225 2241 1569 2283 commemoratio
1600 2256 1720 2297 para-

93 2303 183 2353 siti,
221 2304 345 2346 tertia
385 2320 511 2352 manu
544 2315 692 2360 postea
724 2306 869 2346 addita
899 2307 1022 2358 est.‘²)
1082 2308 1195 2360 quod
1234 2323 1330 2350 cum
1372 2309 1613 2366 paullulum
1653 2324 1720 2350 su·

93 2372 295 2427 spicionis
335 2373 503 2423 iniciat,
536 2389 602 2415 res
640 2375 862 2416 conficitur
903 2389 972 2424 eo,
1021 2375 1135 2431 qnod
1170 2376 1212 2416 in
1251 2391 1408 2418 scaena
1439 2377 1506 2420 IV
1534 2379 1555 2418 1
1599 2377 1720 2418 titulo

93 2439 390 2494 antiquissimo
413 2442 661 2491 ‚Parasitus.
684 2442 811 2484 Puer.
834 2443 1139 2485 Adolescen
1154 2460 1173 2485 s
1188 2451 1197 2469 ‘
1220 2445 1445 2487 Pistocleri
1463 2446 1720 2501 significatio

93 2507 179 2548 iam
230 2509 483 2550 continetur.
555 2511 768 2551 contraria
817 2526 919 2553 sane
973 2520 1036 2553 est
1087 2515 1298 2555 sententia
1349 2514 1589 2570 Spengelii‚
1649 2515 1721 2571 qui

212 2681 237 2721 ¹)
261 2680 400 2714 Contra
425 2679 664 2714 falsissimum
691 2684 764 2722 est,
791 2683 889 2726 quod
915 2683 1142 2718 Ritschelius
1167 2684 1205 2719 in
1231 2683 1471 2719 adnotatione
1505 2696 1672 2720 scaenam
1698 2696 1717 2720 a

95 2746 203 2770 versu
230 2736 294 2769 725
329 2737 454 2780 potius
492 2737 709 2771 ordiendam
742 2750 819 2773 esse
851 2744 998 2781 censet,
1035 2741 1065 2774 si
1097 2742 1248 2776 omnino
1279 2762 1322 2766 -
1356 2742 1393 2775 id
1418 2742 1516 2785 quod
1541 2745 1654 2786 negat
1679 2763 1721 2767 —

97 2791 331 2827 distinctioni
356 2793 457 2827 locus
483 2794 531 2827 sit
556 2797 675 2838 aptus.

211 2872 240 2913 ²)
263 2870 411 2910 Codicis
437 2872 471 2906 D
505 2873 606 2907 tituli
631 2875 789 2908 secunda
822 2886 931 2909 manu
965 2877 1096 2920 scripti
1129 2878 1369 2921 perexiguam
1395 2878 1533 2911 habent
1565 2878 1723 2912 auctori-

97 2931 223 2971 tatem,
250 2929 365 2962 multo
391 2930 578 2971 maiorem,
604 2931 641 2963 ni
668 2931 786 2972 fallor,
814 2932 876 2975 qui
901 2933 1013 2966 tertia
1038 2944 1148 2966 manu
1173 2933 1291 2967 additi
1317 2937 1412 2967 sunt.

1455 3003 1501 3031 ἣν*

1453 3022 1462 3035 K
