2020 3278
820 131 899 174 173

51 270 289 326 ignorabat,
322 269 515 319 coniecit,
560 268 780 309 Palatinae
820 274 1032 309 corrector
1066 266 1192 310 fodiri
1220 266 1402 322 scripsit.
1462 265 1675 319 quomodo

51 338 182 395 igitur
207 338 500 380 recensionum
519 337 832 392 discrepantiae
865 343 989 377 natae
1021 335 1103 376 sint
1127 334 1420 391 quaestionem
1443 333 1676 376 absolvisse

52 406 172 449 nobis
205 406 413 459 videmur,
448 420 528 447 non
563 405 677 453 item,
710 404 924 461 quomodo
962 403 1135 444 tandem
1167 416 1315 443 versus
1349 401 1417 442 ille
1450 401 1673 458 archetypi

51 474 256 531 principis
306 474 522 515 sanandus
569 473 633 516 sit.
710 472 783 514 sed
831 472 866 513 si
912 470 1145 513 Muellerus
1187 470 1319 525 (Proa
1351 470 1487 510 Haut.
1521 484 1560 524 p.
1594 470 1676 511 215

51 543 146 585 adn.
171 544 285 586 Acld,
317 558 356 598 p.
388 543 439 585 47
474 542 592 597 adn.)
623 548 737 582 recte
771 540 1000 582 iudicasset
1041 539 1352 581 nominativum
1382 539 1549 594 oculi31)
1591 554 1674 580 non

50 611 135 668 ipsi
166 611 321 653 Plauto
353 610 426 652 sed
459 624 618 667 pravae
651 609 813 651 librarii
852 608 1135 663 archetypum
1175 606 1391 648 exarantis
1442 606 1677 663 scripturae

51 679 210 730 deberi,
234 695 298 721 res
323 687 433 721 esset
456 678 611 722 nullius
635 678 815 733 negotii3
848 692 946 718 nam
969 683 1120 732 suapte
1142 682 1291 731 sponte
1314 674 1504 731 prodiret
1528 689 1674 716 versus

166 747 265 790 Non
297 756 476 804 possunt
508 747 610 788 mihi
642 747 836 788 minaciis
869 746 950 788 tuis
983 745 1097 786 hisce
1130 744 1243 786 oculi
1273 743 1469 785 exfodiri.

57 832 122 858 me
155 831 256 858 vero
302 830 437 871 aeque
478 831 527 857 ac
565 814 850 856 Ritschelium
890 813 1174 856 Ribbeckium
1214 811 1317 853 alios
1357 812 1577 866 utriusque
1622 827 1682 854 re-

53 885 261 928 censionis
316 899 546 927 consensus
595 884 747 946 retinet
800 883 1027 938 quominus
1074 881 1342 938 antiquitatis
1392 880 1681 922 testimonium

53 962 334 996 contemnam.
397 968 534 1007 neque
584 961 724 994 tamen
771 951 952 1008 probare
1006 966 1179 1007 possum
1224 965 1355 1004 quam
1402 948 1680 992 Hermannus

53 1037 236 1079 eumque
267 1029 438 1064 secutus
469 1021 715 1063 Rassowius
749 1035 895 1062 versus
925 1020 1107 1062 formam
1139 1018 1511 1060 commendarunt:

165 1089 266 1132 Non
296 1096 473 1145 possunt
505 1089 586 1130 tuis
618 1088 811 1130 minaciis
844 1089 960 1130 hisce
983 1088 1116 1130 oculis
1149 1088 1206 1129 mi
1239 1086 1435 1129 exfodiri.

54 1159 89 1201 si
120 1159 233 1200 enim
264 1173 308 1199 re
343 1173 443 1199 vera
473 1159 515 1198 in
548 1157 781 1213 archetypo
819 1158 898 1199 fuit
939 1157 1052 1215 quod
1091 1171 1221 1212 supra
1261 1155 1478 1206 contendi,
1529 1171 1680 1213 parum

54 1226 183 1270 habet
234 1225 547 1283 probabilitatis
588 1234 632 1268 ut
670 1226 728 1268 ita
766 1226 907 1268 dicam
948 1233 1165 1268 externae.
1234 1224 1339 1265 mihi
1376 1231 1465 1265 tam
1518 1225 1681 1266 ratione

6 1316 9 1319 ·
56 1310 185 1350 quam
217 1292 517 1350 probabilitate
557 1293 637 1335 hoc
668 1295 793 1336 unice
832 1293 1123 1336 commendari
1165 1292 1354 1342 videtur,
1402 1299 1448 1334 ut
1480 1292 1682 1335 eiciamus

56 1365 145 1414 tuis,
177 1362 292 1418 quod
324 1370 409 1404 tam
443 1377 527 1403 non
559 1361 845 1417 desideratur,
887 1378 1016 1418 quam
1048 1362 1173 1403 facile
1204 1361 1342 1417 potuit
1374 1360 1427 1403 ab
1459 1361 1684 1418 interpola-

57 1439 146 1474 tore
176 1431 288 1474 addi.
336 1431 451 1487 quod
482 1431 517 1473 si
539 1431 743 1482 delemus,
776 1431 893 1473 nulla
915 1437 1137 1488 praeterea
1159 1429 1392 1472 mutatione
1423 1430 1538 1471 facta
1570 1430 1683 1473 hunc

60 1516 231 1543 versum
260 1499 418 1542 Plauto
451 1500 504 1542 ab
535 1501 650 1542 omni
682 1508 802 1556 parte
835 1500 1013 1556 dignum
1047 1498 1273 1541 habemus:

170 1568 270 1612 Non
302 1578 479 1625 possunt
510 1569 614 1610 mihi
646 1569 841 1611 minaciis
873 1568 989 1611 hisce
1020 1568 1154 1610 oculis
1187 1566 1384 1609 exfodiri.

56 1640 238 1680 minaciis
266 1638 536 1680 antecedenti
567 1639 650 1680 noli
670 1640 852 1679 minitari
881 1638 1039 1694 optime
1070 1636 1320 1692 respondet:
1352 1634 1512 1686 ,Drohe
1544 1635 1682 1677 nicht:

56 1708 192 1750 durch
228 1707 497 1763 Drohungen
528 1707 688 1749 kannst
719 1707 793 1749 Du
826 1707 904 1748 mir
935 1706 1052 1747 diese
1086 1705 1224 1746 meine
1252 1704 1413 1760 Augen
1443 1703 1562 1746 nicht
1591 1719 1683 1747 aus-

55 1777 240 1819 reissen‘.
301 1779 377 1818 tuis
408 1791 489 1818 non
522 1777 659 1832 magis
691 1791 798 1832 opus
830 1784 905 1826 est,
938 1790 1066 1832 quam
1098 1772 1349 1815 Truculenti
1392 1787 1518 1815 versu
1547 1787 1677 1829 supra

60 1845 200 1890 allato.
261 1846 322 1887 sic
355 1860 499 1886 omnes
531 1844 683 1888 turbae
714 1845 874 1901 optime
909 1843 1011 1886 mihi
1042 1843 1268 1899 expeditae
1300 1841 1509 1885 videntur.

116 1915 234 1958 Most.
267 1914 361 1956 760.
394 1915 474 1957 761

170 1980 232 2025 A:
266 1982 380 2025 Nam
411 1982 493 2025 sibi
523 1983 766 2025 laudavisse
799 1981 895 2040 [ai]t
924 1981 1054 2022 hasce
1084 1979 1419 2021 architectonem

262 2051 421 2095 Nescio
451 2067 579 2107 quem
601 2051 903 2094 exaedificatas
936 2064 1027 2092 esse
1049 2048 1288 2106 [insan]um
1320 2047 1467 2105 [bene]

173 2120 228 2162 P:
261 2120 376 2163 Nam
407 2121 489 2163 sibi
519 2120 718 2164 laudasse
750 2120 879 2162 hasce
911 2119 968 2160 ait
998 2118 1335 2160 architectonem

263 2187 423 2231 Nescio
455 2203 582 2246 quem
614 2203 705 2231 esse
737 2188 982 2230 aedificatas
1015 2187 1091 2228 has
1123 2200 1224 2228 sane
1257 2185 1378 2228 bene.

60 2266 107 2298 ut
138 2257 299 2299 leviora
329 2258 515 2313 primum
551 2257 847 2313 expediamus,
880 2258 1175 2311 etz-aedificatae,
1208 2255 1323 2312 quod
1344 2255 1389 2296 A
1419 2252 1609 2311 praebet,
1632 2252 1687 2293 ad

60 2326 264 2368 orationis
295 2326 521 2368 consilium
542 2327 787 2382 appositum
817 2341 901 2368 non
930 2333 1004 2376 est,
1036 2325 1115 2366 nisi
1138 2324 1344 2380 simplicis
1375 2322 1494 2365 verbi
1517 2321 1688 2364 notione

62 2394 281 2450 accipitur.
349 2395 423 2436 sed
463 2395 552 2437 eius
590 2395 706 2438 vocis
747 2395 834 2436 vim
873 2394 1002 2436 aliam
1039 2394 1156 2450 apud
1193 2393 1397 2435 Plautum
1435 2406 1526 2434 esse
1565 2391 1688 2432 docet

69 2463 175 2504 Trin.
214 2462 290 2507 132
336 2463 436 2518 ‚Qui
482 2463 782 2506 exaedificaret
828 2479 949 2507 suam
994 2463 1238 2505 incohatam
1285 2461 1539 2518 ignaviam‘3
1588 2474 1685 2501 cum

62 2532 275 2588 gravitate
329 2532 441 2573 enim
495 2532 652 2574 dicitur
704 2548 780 2590 pro
836 2533 956 2587 vo'llc'q
1009 2532 1230 2579 ausbauen,
1283 2531 1496 2571 vollenden.
1581 2541 1689 2582 quae

63 2600 318 2656 significatio
364 2615 462 2642 cum
501 2601 600 2643 huic
640 2602 731 2643 loco
775 2616 858 2642 non
897 2600 1144 2650 conveniat,
1189 2613 1273 2640 non
1314 2596 1539 2639 mediocris
1586 2595 1684 2636 inde

65 2668 230 2710 accedit
251 2670 483 2711 auctoritas
507 2669 797 2711 Palatinorum
820 2668 1070 2724 scripturae,
1102 2668 1175 2723 qui
1197 2666 1431 2708 sententiae
1454 2677 1690 2706 accommo—

66 2737 163 2779 date
195 2736 402 2794 praebent
441 2752 517 2778 esse
547 2739 791 2791 aedificatas.
850 2735 1110 2792 Niemeyero
1157 2743 1297 2777 autem
1330 2732 1552 2788 quaerenti
1588 2746 1690 2773 num

65 2806 347 2862 επαειίζῑίσαίαε
377 2821 401 2846 a
431 2806 711 2862 grammatico
751 2805 958 2861 scriptum
995 2818 1086 2845 esse
1118 2802 1356 2860 putandum
1388 2801 1440 2843 sit
1479 2799 1686 2842 obicimus

183 2956 208 2997 ¹)
235 2953 290 2988 Cf.
316 2953 540 2988 Ritschelius
570 2957 633 2999 Op.
661 2953 701 2987 Π
726 2965 760 2997 p.
786 2954 851 2988 646
877 2963 967 2995 sqq„
993 2951 1164 2996 inprimis
1189 2962 1224 2995 p.
1249 2951 1324 2984 650.
