2020 3278
1043 128 1106 191 324

274 261 431 317 plicat‘.
493 270 534 303 ut
570 278 693 304 versu
723 262 962 304 Trinummi
986 264 1067 304 2:32
1100 264 1377 306 Ambrosiani
1409 264 1663 318 scripturam
1704 264 1893 316 reiciam,

275 329 465 370 adducor
512 331 602 371 Mil.
642 332 740 385 (χῖον.
786 347 823 371 ν.
864 332 959 381 693,
1008 332 1077 373 ubi
1118 334 1363 387 J›l1,‘‹·atm'ae·em
1403 332 1724 374 Studemundus¹
1765 347 1816 374 ex
1858 334 1895 373 A

271 398 469 439 restituit.
529 408 662 440 artem
696 409 838 441 autem
869 401 1047 442 vestium
1079 402 1295 456 eleganter
1321 400 1617 455 plicandarum
1641 400 1893 442 mulieribus

272 467 437 522 graecis
477 467 669 524 inprimis
708 484 835 509 curae
867 470 997 510 fuisse
1031 477 1071 510 et
1103 484 1127 509 a
1158 468 1342 523 propriis
1374 468 1507 509 servis
1542 469 1774 510 exercitam
1807 483 1898 510 esse

272 544 418 577 notum
448 545 522 577 est.

384 605 529 645 Pseud.
557 604 648 645 153.
713 605 772 645 A:
805 604 902 646 Hoc
935 605 1139 646 videas:
1175 604 1280 645 alias
1313 619 1378 645 res
1411 613 1555 659 agunt.

721 672 777 713 P:
812 673 904 714 Hoc
937 674 1055 715 vide
1088 674 1158 714 sis
1190 683 1242 714 ut
1276 673 1380 714 alias
1412 687 1477 714 res
1509 680 1656 728 agunt.

385 740 603 781 Palatinos
642 741 695 781 ad
737 741 882 782 Plauti
930 757 1066 797 genus
1106 742 1274 783 dicendi
1315 741 1446 782 multo
1479 741 1655 796 propius
1694 740 1897 782 accedere

275 824 403 863 quam
436 807 770 850 Ambrosianum
803 809 1001 851 Loewius
1034 812 1337 864 (Am1l..l³laut.
1369 825 1409 865 p.
1436 809 1535 864 163)
1568 809 1898 860 demonstravit3

273 877 344 931 qui
376 877 610 932 genuinum
634 878 824 919 ordinem
847 878 1074 921 verborum
1108 879 1201 929 ,hoc
1232 879 1288 919 sis
1312 879 1408 920 vide
1431 886 1488 920 ut‘
1522 879 1664 920 multis
1688 878 1896 932 exemplis

273 944 594 1001 comprobatum
628 956 742 986 certa
774 947 1066 989 emendatione
1099 948 1325 988 restituens
1354 947 1479 988 simul
1512 947 1731 1003 perspexit
1762 949 1896 989 videas

273 1014 315 1054 in
359 1013 402 1054 A
434 1028 459 1053 a
498 1022 734 1055 correctore
782 1015 956 1056 metrico
1002 1015 1277 1058 substitutum
1323 1030 1435 1065 esse,
1489 1015 1609 1057 cuius
1656 1017 1898 1058 mutationis

275 1097 404 1124 causa
454 1082 496 1122 in
557 1083 785 1137 propatulo
838 1091 912 1125 est.
994 1084 1034 1124 in
1085 1085 1320 1140 archetypo
1373 1084 1483 1125 enim
1534 1083 1806 1125 Ambrosiani
1859 1093 1899 1126 et

271 1150 564 1192 Palatinorum
603 1151 686 1191 iam
727 1151 875 1192 eadem
908 1152 1133 1194 verborum
1166 1152 1386 1194 collocatio
1419 1151 1605 1201 extabat,
1649 1166 1758 1206 quae
1790 1151 1831 1192 in
1863 1151 1900 1192 P

273 1226 456 1260 aetatem
495 1219 611 1268 tulit3
659 1219 783 1272 unde,
831 1228 877 1261 ut
916 1230 1048 1262 metro
1087 1220 1361 1276 pessumdato
1399 1219 1648 1270 consuleret,
1688 1226 1900 1262 corrector

272 1287 342 1329 ille
375 1287 511 1328 deleto
541 1289 592 1327 sis
623 1296 663 1328 ct
696 1296 735 1328 at
766 1288 866 1329 fecit
898 1289 1107 1339 ,videas
1147 1289 1281 1330 alias
1312 1303 1378 1329 res
1410 1294 1570 1344 agunt‘.

394 1356 499 1397 Trou
536 1356 614 1397 186

478 1424 541 1468 A:
572 1423 715 1465 Hasce
749 1425 851 1466 mihi
885 1434 1056 1482 propter
1087 1440 1152 1467 res
1186 1425 1318 1466 malas
1350 1426 1484 1466 famas
1516 1427 1658 1466 ferunt

478 1492 533 1533 P:
565 1492 754 1534 Hascine
788 1509 853 1534 me
885 1505 1056 1549 propter
1088 1509 1153 1536 res
1186 1494 1434 1535 maledictas
1465 1495 1601 1534 famas
1628 1494 1782 1535 ferunt.

386 1560 662 1601 Ambrosiani
704 1577 871 1603 versum
912 1564 1138 1605 correctori
1177 1563 1320 1604 deberi
1353 1562 1486 1603 tribus
1518 1561 1656 1603 causis
1690 1562 1896 1616 arguitur.

275 1628 451 1684 praebet
473 1629 584 1670 enim
609 1644 754 1671 versus
787 1631 948 1672 exitum
981 1632 1127 1681 ,malas
1160 1634 1294 1672 famas
1327 1632 1495 1679 ferunt‘,
1529 1630 1696 1684 qualem
1719 1629 1898 1670 Plautus

275 1696 420 1737 sedulo
453 1697 576 1747 vitat3
628 1699 754 1738 malas
795 1714 869 1754 pro
901 1700 1116 1740 maledicas
1158 1700 1257 1753 (hoc
1288 1699 1399 1740 enim
1432 1699 1561 1740 latere
1595 1700 1634 1739 in
1669 1698 1900 1739 maledictas

276 1765 435 1806 dudum
483 1781 753 1820 perspectum
793 1774 872 1823 est)
909 1768 1030 1809 foede
1068 1768 1391 1824 interpolatum,
1432 1768 1543 1808 lausve
1583 1766 1801 1808 subditum
1837 1775 1899 1808 est

275 1849 350 1889 pro
371 1834 539 1875 hascine.
587 1834 628 1874 in
646 1834 855 1876 Palatinis
873 1837 1133 1892 archetypus
1158 1836 1355 1892 religiose
1373 1851 1601 1891 expressus
1621 1844 1703 1885 est3
1731 1851 1835 1890 quos
1863 1836 1897 1876 si

274 1902 504 1956 sequimur,
538 1903 675 1943 versui
707 1904 831 1944 facile
865 1904 1029 1945 medela
1061 1912 1351 1959 comparaturg
1384 1905 1530 1946 turbas
1570 1904 1681 1945 enim
1714 1903 1897 1945 movisse

277 1970 443 2011 videtur
493 1971 760 2026 interpolatio
812 1973 928 2014 verbi
982 1974 1097 2021 mihi,
1150 1972 1264 2027 quod
1316 1973 1357 2013 in
1409 1972 1606 2014 Palatina
1656 1972 1899 2014 recensione

277 2040 458 2093 primum
499 2039 541 2079 in
591 2042 664 2085 mi,
713 2048 801 2080 tum
843 2042 883 2081 in
925 2056 983 2081 me
1021 2040 1175 2082 abiisse
1214 2041 1452 2096 putandum
1492 2050 1567 2082 est.
1645 2056 1727 2095 quo
1766 2040 1900 2082 eiecto

275 2108 432 2161 (neque
478 2108 590 2148 enim
629 2108 728 2148 ferri
776 2116 912 2164 potest.
958 2111 1107 2158 ,famas
1153 2108 1279 2150 alicui
1320 2110 1465 2165 fcrre‘)
1513 2124 1658 2150 versus
1695 2109 1747 2151 ab
1786 2109 1899 2150 omni

277 2184 396 2230 parte
432 2176 596 2231 integer
636 2177 791 2218 evadit.
869 2177 1130 2219 Ritschelius
1162 2192 1358 2233 ⁴eumque
1405 2188 1574 2219 secutus
1615 2177 1899 2232 Niemeyerus

279 2260 316 2299 p.
349 2244 403 2284 46
427 2244 702 2286 Ambrosiani
726 2246 972 2287 memoriam
1005 2256 1091 2295 ,aut
1123 2261 1261 2287 errore
1284 2255 1357 2287 aut
1380 2261 1401 2288 e
1425 2245 1687 2287 correctione
1711 2245 1898 2287 metriea‘

277 2321 411 2353 tutam
469 2329 558 2355 esse
615 2323 798 2356 censent.
876 2330 1021 2356 verum
1073 2316 1301 2365 enimvero,
1348 2315 1382 2355 si
1429 2328 1568 2356 errore
1614 2321 1700 2354 tam
1745 2328 1899 2368 graves

277 2382 529 2423 mutationes
572 2382 659 2422 sine
695 2383 814 2423 metri
848 2383 1099 2425 detrimento
1131 2384 1242 2425 effici
1275 2390 1488 2440 poterant,
1529 2382 1637 2423 inter
1677 2397 1822 2423 casum
1860 2392 1901 2424 et

277 2449 500 2490 consilium
562 2465 764 2504 umquam
823 2466 919 2492 eum
980 2452 1163 2506 quadam
1228 2450 1526 2507 probabilitate
1588 2449 1899 2492 confidentiave

277 2517 461 2559 discerni
494 2533 616 2572 posse
649 2519 819 2560 omnino
852 2534 974 2575 nego.

398 2587 502 2627 Tria.
533 2586 615 2627 452

334 2654 394 2695 A:
427 2653 536 2696 Cum
572 2662 744 2695 vestra
776 2665 920 2696 nostra
951 2671 1033 2697 non
1065 2664 1127 2697 est
1158 2670 1294 2709 aequa
1326 2655 1454 2695 factio

334 2722 388 2763 P:
421 2722 530 2764 Cum
563 2722 754 2763 vestris
785 2732 929 2764 nostra
959 2738 1042 2764 non
1076 2730 1138 2764 est
1169 2738 1305 2777 aequa
1332 2723 1460 2764 factio

392 2790 713 2832 Studemundus
739 2791 780 2831 in
799 2790 907 2832 Mus.
926 2791 1065 2832 Rhen.
1084 2790 1206 2832 XXI
1228 2806 1268 2845 p.
1288 2791 1368 2831 607
1390 2791 1441 2832 de
1465 2791 1541 2832 hoc
1564 2790 1655 2832 loco
1677 2790 1900 2847 disputans

278 2857 572 2899 Palatinorum
605 2858 857 2913 scripturam
890 2875 977 2899 eum
1000 2861 1133 2899 restris
1160 2858 1217 2899 ita
1239 2858 1441 2908 defendit,
1474 2866 1517 2900 ut
1541 2866 1613 2900 aut
1635 2859 1722 2909 ,mit
1746 2858 1827 2900 den
1849 2873 1899 2899 zu

280 2925 418 2971 Eurer
441 2926 620 2967 Familie
642 2926 874 2982 gehorigen
892 2925 1181 2981 Mitgliedern‘
1206 2930 1277 2969 'aut
1302 2943 1389 2968 eum
1410 2929 1543 2968 vestris
1560 2928 1672 2969 rebus
1696 2926 1900 2984 explicet3
