2020 3278
988 210 1044 213 -
1051 148 1212 213 332
1218 210 1253 213 .-

365 285 455 327 Mil.
484 285 583 341 ylor.
614 285 697 326 374

422 354 486 396 A:
519 353 614 396 Non
647 354 750 395 mihi
783 360 957 411 possunt
989 352 1114 393 minis
1147 352 1228 394 tuis
1260 352 1376 393 hisce
1409 354 1542 396 oculis
1575 355 1755 396 exfodiri

422 421 479 464 B:
511 422 610 466 Non
643 429 820 478 possunt
852 421 954 463 mihi
987 421 1182 463 minaciis
1214 421 1296 463 tuis
1327 421 1444 463 hisce
1475 422 1608 464 oculis
1639 423 1767 465 fodiri

381 490 477 532 OD:
506 490 603 533 Non
637 490 738 532 mihi
773 498 949 546 possunt
982 490 1175 532 minaciis
1208 490 1289 531 tuis
1321 490 1437 532 hisce
1470 491 1581 533 oculi
1610 491 1748 535 fodiri.

309 559 351 600 in
390 566 572 614 utraque
611 560 858 601 recensione
899 572 1046 602 versus
1079 566 1365 602 correctorum
1406 574 1581 602 manum
1621 567 1824 617 expertus
1857 568 1935 611 est,

308 628 369 669 ita
400 635 561 681 tamen5
602 635 647 669 ut
679 627 781 685 quid
820 629 863 669 in
895 627 1129 684 archetypo
1161 629 1353 685 principe
1392 628 1518 671 fuerit
1558 628 1751 684 indagari
1790 629 1936 684 possit.

308 696 462 738 etenim
496 697 609 753 quod
642 697 685 738 in
718 697 750 738 P
782 696 939 753 legitur
962 697 1110 754 fodiri,
1142 697 1218 738 etsi
1251 712 1275 738 a
1305 696 1477 752 linguae
1509 697 1816 739 consuetudine
1850 713 1932 739 non

309 764 417 807 adeo
462 765 663 806 abhorret
708 772 835 822 atque
873 764 1110 807 Ritschelio
1148 765 1290 822 Opus-c.
1323 765 1371 807 II
1402 779 1443 820 p.
1476 765 1559 808 650
1598 765 1736 808 visum
1777 772 1841 807 est
1882 793 1937 798 —

312 833 365 875 cf.
398 832 525 875 Ovicl.
559 848 595 875 a.
628 848 665 876 a.
696 831 720 874 I
751 831 833 874 339
865 833 983 888 ‚quid
1014 833 1124 876 fodis
1156 834 1397 884 immeritis,
1436 833 1619 884 Phineu,
1659 849 1736 876 sua
1775 834 1938 877 lumina

308 902 434 943 natis‘
471 927 528 932 -—
565 908 707 943 tamen
744 901 946 944 Plautino
985 901 1081 944 usui
1128 903 1391 957 refragatur,
1444 916 1528 956 quo
1570 903 1765 956 exfodiri,
1812 910 1859 945 ut
1894 903 1938 945 A

309 969 508 1026 praebet,
550 968 821 1026 efflagitatur.
882 985 1008 1026 porro
1048 970 1090 1011 in
1131 970 1169 1011 A
1203 972 1331 1019 minis,
1377 972 1417 1012 in
1451 970 1488 1012 P
1519 973 1702 1012 minaciis
1740 971 1936 1027 legimus

310 1054 460 1081 vocem
505 1041 720 1089 minneiae,
769 1053 898 1094 quam
944 1038 1206 1080 Ritschelius
1252 1039 1372 1081 initio
1417 1039 1588 1081 omnino
1636 1039 1798 1082 nullam
1845 1055 1936 1083 esse

312 1108 500 1157 dixerat,
547 1114 696 1165 postea
734 1106 911 1164 (ibidem
951 1108 994 1148 in
1034 1107 1327 1165 adnotatione)
1369 1123 1390 1149 e
1430 1108 1701 1165 popularium
1743 1123 1938 1151 sermone

313 1177 582 1234 desumptam
606 1191 697 1218 esse
719 1191 843 1232 posse
866 1177 1088 1227 concessit,
1121 1177 1330 1233 analogiis
1354 1177 1454 1219 satis
1486 1177 1696 1219 firmatam
1729 1192 1820 1220 esse
1842 1186 1939 1234 post

310 1246 491 1303 Hauptii
514 1260 638 1288 curas
658 1260 780 1287 nemo
801 1245 1010 1302 negabit3⁴
1028 1247 1079 1289 cf.
1102 1247 1186 1286 [ml.
1211 1247 1294 1287 lect.
1313 1246 1450 1288 Berol.
1471 1245 1579 1287 1856
1602 1261 1641 1301 p.
1663 1247 1715 1289 10
1731 1269 1775 1280 =
1797 1246 1871 1304 Op.
1889 1247 1940 1288 II
2001 1292 2005 1295 Α

310 1330 350 1371 p.
384 1315 478 1359 110.
509 1315 727 1356 invenitur
758 1320 902 1356 autem
940 1315 1052 1355 Truc.
1086 1315 1168 1356 948

422 1383 597 1426 Meliust
628 1390 669 1425 te
700 1383 826 1425 minis
859 1391 1023 1425 certare
1054 1397 1235 1433 mecum,
1269 1397 1397 1437 quam
1428 1383 1624 1425 minaciis

310 1459 351 1494 et
377 1453 488 1494 Rucl.
522 1451 664 1496 795F.

423 1521 489 1563 A:
523 1521 730 1563 Minacias
763 1535 842 1578 ego
874 1521 994 1563 flocci
1026 1535 1110 1562 non
1141 1520 1298 1563 faciam
1329 1526 1424 1562 tuas
1469 1509 1477 1520 ’

423 1590 480 1632 P:
512 1589 721 1632 Minacias
754 1605 833 1646 ego
866 1591 968 1631 istas
999 1589 1120 1632 flocci
1152 1603 1236 1631 non
1267 1589 1379 1631 facio
1410 1597 1516 1631 tuas.

313 1674 365 1700 ac
386 1658 634 1702 Rassowius
661 1659 729 1715 (de
753 1659 896 1699 Plauti
921 1659 1172 1699 substantivis
1193 1657 1234 1699 in
1257 1673 1350 1699 ann.
1367 1658 1470 1714 phil.
1493 1658 1622 1715 suppl.
1648 1657 1748 1700 XII
1770 1672 1811 1713 p.
1836 1657 1940 1713 593)

310 1742 386 1769 suo
434 1727 524 1769 iure
570 1728 733 1769 monuit
779 1727 952 1768 minime
993 1727 1082 1768 veri
1129 1727 1265 1768 simile
1313 1742 1402 1768 esse
1449 1742 1542 1769 eam
1582 1728 1781 1778 formam,
1829 1741 1938 1782 quae

309 1804 405 1854 post
434 1796 637 1838 Plautum
668 1796 711 1837 in
742 1796 894 1837 litteris
926 1795 1067 1837 latinis
1091 1811 1174 1837 non
1202 1796 1416 1837 invenitur
1449 1803 1489 1838 et
1518 1796 1608 1838 sine
1642 1795 1771 1838 dubio
1792 1795 1935 1838 nullus

311 1865 511 1907 librarius
543 1873 742 1916 noverat,
785 1881 809 1906 a
842 1880 1057 1920 quoquam
1095 1865 1259 1906 illatam
1297 1879 1388 1906 esse
1420 1866 1461 1906 in
1497 1864 1716 1906 Palatinos
1758 1864 1940 1909 codices.

313 1935 442 1976 immo
467 1941 799 1976 consentaneum
832 1948 923 1975 esse
948 1934 1026 1975 hoc
1057 1933 1150 1975 loeo
1179 1941 1222 1974 ut
1254 1933 1424 1989 saepius
1447 1932 1735 1975 Ambrosiano
1760 1934 1940 1975 formam

314 2003 527 2045 noviciam
561 2002 779 2044 obtrusam
813 2017 917 2043 esse.
979 2010 1106 2057 atque
1139 2002 1181 2043 in
1203 2001 1416 2043 Rudentis
1449 2016 1588 2053 versu,
1620 2017 1717 2044 eum
1749 2003 1942 2044 minacias

313 2081 493 2128 utraque
541 2070 729 2113 recensio
770 2070 991 2124 exhibeat,
1040 2073 1134 2111 [stas
1173 2085 1293 2121 vero,
1343 2085 1426 2127 quo
1467 2071 1510 2112 in
1552 2070 1653 2112 solis
1692 2069 1727 2111 P
1772 2077 1940 2112 servato

316 2147 497 2182 metrum
520 2138 730 2190 turbatur,
753 2154 926 2196 prorsus
952 2139 1131 2181 otiosum
1155 2139 1205 2180 sit
1228 2139 1299 2195 (cf.
1327 2139 1437 2182 Truc.
1461 2139 1577 2195 948),
1599 2152 1736 2194 paene
1758 2138 1940 2181 dixerim

316 2209 470 2251 rationi
518 2223 780 2265 repugnare,
828 2207 862 2250 si
910 2209 1005 2264 quis
1058 2215 1103 2249 ut
1152 2210 1246 2249 istas
1290 2214 1500 2258 servaret,
1548 2221 1809 2264 quamquam
1858 2221 1942 2249 vox

316 2279 512 2319 mimwisze
542 2286 587 2318 ut
622 2277 755 2318 latina
794 2276 895 2318 satis
926 2277 1143 2319 vindicata
1178 2284 1253 2326 est,
1294 2278 1421 2317 minas
1453 2292 1474 2318 e
1507 2276 1751 2318 coniectura
1785 2273 1942 2317 scribat

315 2360 394 2388 nec
438 2346 580 2401 potius
631 2347 969 2389 Ambrosianum
1018 2355 1187 2387 secutus
1234 2347 1328 2386 istas
1367 2345 1504 2388 eiciat,
1580 2344 1709 2398 idque
1755 2343 1788 2384 si
1826 2350 1942 2386 recte

317 2415 582 2470 disputatum
629 2423 709 2468 est,
758 2416 843 2456 iam
891 2414 1101 2457 dubitatio
1149 2414 1267 2456 nulla
1317 2422 1379 2455 est
1426 2414 1529 2468 quin
1578 2412 1720 2454 versui
1772 2425 1941 2467 quoque

315 2482 468 2525 Militis
499 2483 672 2539 gloriosi
705 2499 787 2525 vox
821 2485 1001 2525 minaciis
1038 2481 1302 2525 restituenda
1342 2482 1406 2525 sit.
1466 2482 1609 2539 itaque
1649 2482 1682 2522 si
1723 2495 1776 2522 ex
1806 2480 1850 2523 A
1881 2495 1942 2522 em-

308 2551 456 2607 fodiri,
489 2566 541 2592 ex
566 2549 602 2591 P
635 2553 814 2592 ›ninaciis
841 2551 1099 2601 reducimus,
1130 2550 1338 2593 habemus
1368 2550 1548 2592 formam
1574 2564 1734 2599 versus,
1768 2548 1939 2604 qualem

316 2620 359 2661 in
393 2619 626 2673 archetypo
660 2619 853 2674 principe
885 2619 1015 2661 fuisse
1047 2618 1346 2695 spoponderim

430 2687 529 2728 Non
562 2696 740 2744 possunt
770 2688 873 2728 mihi
905 2687 1099 2728 minaciis
1131 2687 1213 2728 tuis
1245 2687 1360 2729 hisee
1392 2685 1526 2728 oculis
1558 2684 1754 2727 exfodiri.

319 2757 391 2811 qui
423 2756 635 2813 quomodo
666 2756 710 2797 in
731 2756 836 2798 duas
858 2757 1016 2798 formas
1039 2755 1224 2805 easdem,
1257 2769 1362 2811 quas
1385 2754 1423 2795 A
1445 2760 1486 2795 et
1507 2752 1545 2794 P
1575 2752 1696 2794 nobis
1718 2750 1939 2807 praebent,

318 2825 471 2867 abierit
503 2824 817 2881 apertissimum
850 2832 934 2874 est3
975 2824 1130 2866 etenim
1162 2837 1257 2879 cum
1290 2837 1437 2864 versus
1469 2823 1578 2863 iusto
1619 2821 1786 2876 longior
1818 2824 1939 2873 esset,

320 2894 449 2934 variis
482 2893 619 2935 modis
663 2893 886 2949 utriusque
926 2892 1185 2934 recensionis
1217 2898 1414 2933 auctores
1445 2898 1580 2932 metro
1618 2888 1940 2931 consuluerunt:

319 2962 634 3005 Ambrosianae
666 2961 926 3004 recensionis
959 2967 1108 3002 auctor
1138 2962 1256 3001 minis
1286 2973 1362 3017 pro
1392 2960 1592 3008 minaciis,
1634 2971 1763 3014 quam
1795 2969 1942 2999 vocem
