2020 3278
1037 151 1112 194 142

359 286 455 329 Tun
488 302 531 328 es
564 288 598 328 is
630 287 847 344 Harpax?
877 288 894 346 Η
925 304 1004 344 ego
1037 306 1141 332 sum.
1164 290 1182 347 ss
1205 296 1331 344 atque
1365 289 1455 345 ipse
1494 288 1661 343 harpax
1693 288 1881 342 quidem,

246 356 289 396 in
319 356 362 397 A
394 358 478 411 ipse
508 358 712 398 omissum
745 365 830 397 est:

361 422 457 466 Tun
493 440 536 466 cs
569 425 603 465 is
638 424 851 480 Harpax?
874 425 890 482 ΙΙ
912 440 992 482 ego
1024 425 1335 484 su1n.ssatq[uc
1370 424 1556 480 har]an
1590 423 1778 478 quidem.

304 492 427 532 Alere.
460 494 543 535 464

361 559 424 601 A:
457 559 524 601 Tu
556 560 768 615 prohibes.
792 561 808 618 ΙΙ
831 570 873 602 at
905 567 944 602 tc
982 570 1212 604 excusato:
1251 570 1290 603 te
1321 561 1474 601 fecisse
1507 559 1667 602 sedulo.

360 629 415 670 P:
448 629 515 671 Tu
548 630 760 685 prohibes.
787 632 802 686 Η
828 639 871 672 at
903 646 969 671 mc
1003 633 1214 672 incusato:
1248 639 1287 672 te
1319 631 1471 671 fecisse
1497 629 1656 670 sedulo.

246 697 298 741 cf.
331 697 619 751 Niemeyerus
652 713 691 753 p.
725 701 798 748 283
848 703 888 739 in
931 700 1063 754 patris
1102 701 1374 741 accusatione
1407 697 1613 738 contineri
1645 695 1721 736 filii
1755 710 1885 736 excu-

245 767 453 807 sationem
476 780 572 807 cum
596 767 868 821 cognovisset
901 767 1063 816 histrio,
1097 781 1193 808 eum
1226 768 1268 807 in
1302 766 1474 807 modum
1509 764 1640 806 verba
1674 763 1878 812 mutavit3

253 834 367 890 quod
400 848 633 889 numquam
665 834 838 876 fecisset
868 837 1186 890 grammaticus.

358 901 409 942 In
449 901 693 943 fabularum
732 902 974 943 actionibus
1013 902 1272 944 creberrime
1305 902 1369 954 fit,
1405 909 1449 942 ut
1480 899 1706 942 histriones
1739 899 1881 940 verbis

245 977 396 1028 poetae
428 969 611 1025 singulis
645 970 698 1010 de
730 984 806 1011 suo
838 970 1015 1011 arbitrio
1048 971 1133 1011 alia
1166 984 1406 1026 synonyma
1437 969 1718 1022 substituant5
1770 967 1882 1009 unde

246 1038 566 1096 expediendum
592 1046 656 1079 est
685 1038 800 1094 quod
819 1040 859 1080 in
880 1039 1201 1081 recensionibus
1219 1039 1300 1080 hoc
1318 1053 1476 1093 genere
1494 1037 1879 1093 discrepantiarum

246 1107 407 1149 nullum
440 1106 707 1163 frequentius
740 1108 968 1148 invenitur.

360 1177 502 1232 Atque
540 1176 678 1231 primo
718 1175 809 1216 loco
850 1190 1005 1230 ponam
1046 1190 1238 1225 versum,
1288 1175 1408 1215 cuius
1456 1174 1627 1215 diversa
1675 1173 1881 1215 memoria

245 1243 365 1285 nullo
397 1252 523 1301 pacto
555 1243 610 1285 ad
641 1244 948 1298 grammaticos
979 1244 1129 1285 referri
1162 1250 1314 1298 potest.

303 1313 430 1368 Epid.
464 1311 559 1361 733,
601 1312 653 1352 de
685 1327 769 1367 quo
802 1312 854 1355 cf.
888 1312 1084 1353 Loewius
1117 1312 1239 1354 Amal.
1271 1311 1408 1352 Plaut.
1442 1325 1480 1365 p.
1519 1310 1608 1353 149.

362 1383 420 1424 A:
454 1380 652 1422 Plaudite
685 1388 723 1422 et
757 1379 917 1421 valete:
952 1380 1117 1421 lumbos
1156 1381 1323 1436 purgite
1355 1386 1484 1434 atque
1518 1379 1737 1433 exsurgite

360 1449 417 1490 P:
456 1449 654 1490 Plaudite
690 1448 770 1505 [et]
806 1448 967 1490 valete:
1001 1448 1168 1489 lumbos
1201 1449 1363 1503 surgite
1395 1454 1523 1503 atque
1557 1446 1761 1490 extollite.

243 1526 332 1560 tam
396 1519 501 1559 scite
556 1533 705 1558 versus
759 1518 1076 1558 transformatio
1123 1525 1321 1572 suscepta
1367 1522 1451 1567 est,
1509 1523 1553 1556 ut
1617 1523 1756 1556 utrum
1806 1530 1881 1571 pro

243 1586 444 1628 Plautino
468 1585 702 1627 habeamus
725 1584 997 1626 haesitemus.
1041 1599 1138 1625 nam
1163 1585 1241 1625 etsi
1264 1584 1537 1625 Ambrosia-ni
1574 1586 1715 1625 versui
1747 1599 1881 1639 grave

247 1654 487 1697 subsidium
519 1662 717 1709 paratum
751 1668 843 1695 esse
876 1654 1047 1695 videtur
1078 1670 1117 1696 v.
1149 1653 1297 1694 Pseud.
1331 1652 1436 1708 prol.
1475 1656 1490 1695 l

360 1724 555 1780 Exporgi
596 1723 767 1764 meliust
807 1723 972 1764 lumbos
1011 1730 1141 1778 atque
1174 1723 1410 1776 exsurgier,

244 1793 418 1834 minime
442 1791 542 1833 inde
568 1790 910 1832 concludendum
929 1798 992 1831 est
1010 1791 1142 1832 verba
1160 1805 1372 1846 emporyere
1391 1790 1593 1846 (pop-glore)
1616 1797 1657 1830 et
1673 1803 1880 1844 eoesuryere

243 1870 355 1903 stare
373 1861 495 1918 quasi
514 1860 747 1912 sollemnia,
769 1868 813 1900 ut
833 1874 914 1900 non
934 1859 1119 1915 potuerit
1138 1868 1265 1915 poeta
1285 1859 1370 1899 alia
1387 1859 1605 1900 adhibere.
1629 1869 1669 1898 et
1687 1857 1880 1898 estPala-

243 1932 427 1972 tinorum
451 1943 599 1970 versus
631 1929 812 1982 insignis
835 1928 967 1968 verbo
998 1927 1231 1968 extollendi
1262 1928 1329 1967 hic
1360 1936 1523 1968 tantum
1557 1926 1635 1967 hoc
1661 1940 1788 1967 sensu
1810 1925 1880 1967 ad-

245 1999 390 2051 hibito,
429 1997 504 2039 sed
535 2012 556 2037 e
589 1997 796 2037 sermonis
833 1995 984 2036 comici
1015 1995 1324 2036 consuetudine
1357 1994 1528 2035 minime
1553 1994 1802 2047 excidente3
1838 2001 1881 2035 ut

244 2068 357 2109 enim
388 2066 540 2107 comici
573 2064 625 2105 de
650 2063 827 2105 artubus
852 2064 1043 2119 corporis
1067 2072 1237 2120 praeter
1260 2063 1437 2104 verbum
1461 2063 1708 2118 porrigendi
1732 2064 1877 2117 (mem-

245 2135 333 2187 bra,
357 2134 569 2186 bracchia,
593 2132 802 2187 iugulum,
827 2132 880 2172 cf.
908 2131 1007 2173 Hor.
1030 2140 1104 2172 sat.
1123 2131 1145 2172 Ι
1167 2135 1206 2181 3,
1224 2134 1297 2188 89)
1316 2133 1444 2172 etiam
1462 2134 1712 2187 eaeporrc‘yere
1731 2132 1878 2172 dicunt

245 2204 318 2259 (cf.
338 2202 474 2247 Plaut.
499 2203 648 2243 Pseud.
673 2217 711 2244 v.
735 2215 865 2256 supra
887 2200 1051 2252 allatus,
1081 2201 1178 2243 Ter.
1198 2202 1281 2241 Ad.
1308 2200 1390 2241 839
1414 2215 1619 2255 ,exporge
1643 2201 1875 2254 frontem‘),

243 2271 315 2320 ita,
335 2286 430 2312 cum
450 2271 582 2310 tollere
599 2269 767 2310 dicatur
791 2285 824 2312 e.
848 2285 886 2324 g.
917 2269 1029 2308 Trite.
1048 2271 1132 2311 526
1149 2283 1328 2325 ,nequeo
1346 2277 1475 2324 caput
1493 2269 1668 2318 tollere‘,
1693 2268 1796 2309 nihil
1818 2277 1880 2310 est

244 2355 319 2381 cur
351 2341 394 2380 in
418 2339 601 2380 eoetollere
626 2337 906 2379 offendamus.
928 2339 1056 2378 immo
1084 2338 1268 2393 potuerit
1291 2337 1503 2392 quispiam
1537 2336 1679 2377 dicere
1706 2336 1879 2393 Epidici

246 2422 418 2449 versum
460 2407 503 2448 in
542 2407 586 2448 A
625 2407 862 2448 secundum
900 2405 1109 2447 Pseuduli
1148 2404 1330 2446 similem
1363 2404 1500 2445 locum
1534 2414 1740 2445 mutatum
1773 2420 1878 2446 esse.

247 2476 322 2517 sed
363 2490 461 2517 cum
503 2475 609 2516 haec
641 2476 683 2516 in
715 2474 920 2528 ambiguo
953 2473 1206 2529 relinquam,
1249 2473 1301 2514 de
1333 2474 1532 2515 scaenica
1564 2474 1878 2530 discrepantiae

243 2543 409 2599 origine
441 2557 565 2584 nemo
596 2544 746 2599 opinor
778 2542 1008 2585 dubitabit.

302 2613 450 2654 Pseud.
482 2611 566 2653 975

361 2682 421 2722 A:
456 2681 734 2735 Legirupum,
769 2680 997 2736 impurum,
1029 2679 1242 2736 peiiurum
1274 2686 1402 2734 atque
1427 2679 1605 2735 impium

359 2750 410 2790 P:
447 2749 726 2803 Legirupam,
760 2749 952 2803 impium,
987 2748 1181 2802 peiurum
1213 2754 1342 2802 atque
1375 2746 1629 2803 improbum.

245 2819 481 2874 leyimpam,
523 2817 635 2873 quod
668 2816 704 2857 P
736 2816 960 2864 exhibent,
1005 2815 1046 2856 in
1079 2816 1123 2857 A
1157 2814 1526 2856 terminationibus
1561 2814 1787 2855 verborum
1818 2813 1876 2853 in-

244 2885 512 2940 sequentium
545 2885 795 2940 adaptatum
839 2884 943 2925 abiit
978 2884 1020 2924 in
1054 2876 1290 2939 le9277²chzmz.
1322 2883 1364 2923 in
1398 2882 1574 2938 reliquis
1607 2889 1750 2923 autem
1773 2882 1876 2922 Am-

245 2954 467 2995 brosianus
499 2969 671 2994 manum
704 2961 854 3009 poetae
887 2968 1078 2993 servasse
1112 2952 1301 3001 videtur3
1350 2950 1464 3006 quod
1503 2960 1548 2991 ut
1579 2956 1873 3005 cognoscatur,
