2020 3278
1039 102 1116 143 138

262 238 525 281 Ritsehelius
548 240 658 282 Prol.
682 253 722 293 p.
742 237 1000 280 LXXXIII
1018 237 1159 295 (Op.V
1178 252 1215 292 p.
1234 236 1335 292 339)
1347 234 1623 277 Ambrosiani
1641 234 1890 276 memoriam

262 307 486 363 praetulit3
521 307 595 348 sed
628 322 704 363 per
735 313 866 348 totam
902 307 1153 348 latinitatem
1187 306 1370 360 obrepere
1401 318 1497 344 cum
1530 302 1674 344 dativo
1697 302 1892 343 iunctum

263 383 338 430 est,
375 376 489 418 velut
512 376 619 417 Hor.
652 393 689 417 α.
708 392 750 432 p.
778 391 817 419 ν.
842 376 926 416 360
958 375 1088 430 ‚operi
1120 374 1249 429 longo
1269 373 1335 414 fas
1357 380 1418 412 est
1441 371 1645 427 obrepere
1667 377 1890 412 somnum‘.

262 446 414 487 unicus
436 446 607 486 Poennli
637 445 838 501 prologus
862 459 957 486 cum
981 460 1020 485 v.
1047 443 1098 484 14
1119 444 1302 498 obrepere
1333 450 1367 482 te
1391 441 1598 492 ostendat,
1630 441 1756 483 simul
1778 439 1891 482 unde

262 515 306 555 in
338 513 676 556 Ambrosianum
712 514 786 555 illa
824 520 1037 555 structura
1076 511 1315 567 pervenerit
1356 517 1581 553 monstrat.
1650 510 1740 566 ipse
1779 509 1893 550 enim

263 583 333 624 hic
372 583 574 637 prologus
614 597 697 623 non
739 598 763 623 a
793 582 948 624 Plauto
992 582 1228 638 profectus,
1276 579 1350 620 sed
1397 579 1451 619 ad
1499 579 1674 619 iteratas
1721 578 1892 621 fabulae

261 651 449 692 actiones
481 652 620 692 factus
652 657 714 692 est
746 649 799 691 ab
823 650 1116 700 histrionibus,
1149 651 1222 704 qui
1254 649 1296 689 in
1325 663 1422 689 eum
1453 661 1474 688 e
1500 647 1666 703 vulgari
1701 661 1893 689 sermone

261 734 372 774 quae
405 733 482 760 nec
516 718 671 760 Plauto
703 718 835 774 digna
868 733 945 760 nec
977 718 1150 759 omnino
1182 717 1314 758 latina
1350 725 1448 756 sunt
1488 715 1722 757 identidem
1744 715 1892 758 intule-

264 794 384 837 runt3
430 801 576 828 eorum
615 801 769 841 operae
809 801 906 828 cum
952 801 1078 828 versu
1122 786 1175 826 14
1221 785 1411 834 ‚tacitum
1452 792 1492 825 te
1530 783 1708 839 obrepet
1745 784 1893 826 fames‘

265 856 472 897 debeatur
503 856 686 911 obrepere
717 869 814 896 cum
856 854 1102 896 accusativo
1134 854 1347 902 iunctum,
1388 867 1527 894 nonne
1559 852 1691 894 altero
1723 867 1893 908 quoque

262 925 368 974 loco,
402 939 485 981 quo
517 924 605 966 solo
636 930 858 979 praeterea
880 923 1107 972 invenitur,
1141 937 1195 964 ex
1226 921 1411 963 histricis
1432 920 1751 978 exemplaribus
1783 922 1894 964 hanc

263 993 623 1035 constructionem
650 1000 904 1048 repetemus,
931 1006 1026 1033 cum
1051 991 1185 1033 altera
1207 990 1398 1032 recensio
1423 990 1517 1031 usui
1539 989 1712 1046 linguae
1735 990 1894 1032 latinae

261 1061 524 1105 satisfaciat?
565 1061 707 1102 versui
735 1068 879 1103 autem
920 1062 1026 1105 Tria.
1057 1063 1140 1104 974
1176 1059 1332 1114 ‚Nimis
1364 1070 1515 1115 argute
1537 1086 1568 1090 —
1593 1058 1822 1114 obrepsisti
1849 1060 1894 1101 in

260 1145 388 1186 eapse
419 1130 747 1182 occasiuncula‘‚
782 1146 911 1186 quem
943 1130 1207 1172 Ritschelius
1238 1129 1398 1170 inserto
1436 1144 1497 1169 me
1527 1128 1649 1171 hiatu
1681 1127 1891 1183 liberavit,

261 1200 382 1242 aliter
412 1199 748 1242 succurrendum
781 1215 871 1241 esse
904 1200 983 1242 viri
1017 1199 1130 1241 docti
1162 1197 1326 1241 dudum
1360 1196 1570 1240 viderunt.

318 1269 441 1312 Mero.
473 1268 554 1310 521

375 1334 440 1378 A:
474 1337 624 1379 Bonae
656 1337 798 1379 hercle
831 1344 872 1378 te
903 1337 1020 1392 frugi
1053 1335 1237 1377 arbitror

376 1405 430 1447 P:
464 1405 630 1447 Bonam
663 1405 806 1446 hercle
839 1413 878 1446 te
911 1412 952 1446 et
983 1404 1096 1460 frugi
1127 1403 1322 1454 arbitror,

262 1473 334 1516 ubi
366 1473 663 1516 Palatinorum
695 1474 907 1530 scriptura
938 1472 1218 1515 histrionibus
1251 1471 1441 1514 debetur.

319 1543 409 1583 Mil.
441 1543 539 1598 ylor.
572 1542 654 1583 745

377 1612 440 1653 A:
473 1611 735 1654 Serviendae
768 1610 963 1653 servituti
995 1625 1075 1667 ego
1107 1624 1252 1651 servos
1286 1609 1472 1651 instruxi
1504 1608 1621 1658 mihi,

468 1679 658 1735 Hospes,
704 1695 788 1721 non
834 1679 905 1734 qui
955 1679 1010 1720 mi
1053 1679 1333 1734 imperarent,
1385 1678 1596 1734 quibusve
1639 1692 1720 1732 ego
1757 1691 1893 1719 essem

1558 1745 1781 1790 obnoxius,

265 1816 378 1873 quod
410 1816 447 1857 P
478 1815 685 1871 praebent
718 1816 912 1857 Servientz'
941 1815 1177 1871 (Servientis
1206 1815 1269 1867 D)
1300 1817 1481 1856 servitute
1511 1814 1622 1856 redit
1653 1814 1708 1856 ad

466 1884 701 1927 Servientis
733 1886 982 1925 servitutem
1014 1898 1093 1938 ego
1124 1898 1269 1925 servos
1299 1883 1486 1925 instruxi
1518 1883 1635 1924 mihi.

263 1953 541 1995 Ambrosiani
585 1953 841 2008 scripturam
891 1952 1123 2008 genuinam
1176 1952 1306 1993 fuisse
1353 1966 1463 2009 quae
1517 1959 1754 2005 sequuntur
1803 1966 1894 1993 sen-

265 2021 423 2062 tentiae
464 2021 612 2062 finales
653 2022 810 2076 optime
852 2020 1080 2077 participio
1117 2021 1247 2062 futuri
1288 2018 1448 2075 passivi
1484 2019 1793 2076 respondentes
1827 2019 1895 2061 de-

264 2095 513 2132 monstrant.
573 2089 868 2131 Palatinorum
907 2089 1164 2145 scripturam
1203 2089 1236 2130 si
1275 2089 1328 2130 ad
1367 2089 1733 2145 grammaticos
1764 2089 1895 2130 refers

266 2172 496 2214 quamnam
528 2157 643 2199 dices
675 2157 868 2200 mutandi
901 2172 1073 2199 causam
1106 2158 1265 2200 fuisse?

380 2226 470 2269 Mil.
501 2227 600 2281 ylor.
632 2228 713 2270 567
744 2226 808 2268 A:
840 2226 955 2267 Dato
986 2226 1322 2269 excruciandum
1353 2240 1420 2267 me

750 2295 806 2336 P:
838 2295 952 2337 Dato
985 2295 1278 2337 excruciatum
1310 2309 1390 2344 me,

266 2374 496 2422 utrumque
527 2363 796 2414 Plautinum3
844 2364 894 2406 cf.
928 2365 1049 2404 Poen.
1086 2363 1193 2404 1302
1231 2362 1341 2416 ,Iam
1372 2360 1514 2403 hercle
1555 2375 1633 2416 ego
1665 2360 1795 2402 illunc
1826 2374 1895 2401 ex-

269 2433 547 2475 cruciandum
585 2439 719 2473 totum
762 2432 964 2473 carnufici
997 2432 1120 2473 dabo‘
1155 2431 1251 2481 AP;
1299 2432 1394 2473 Aul.
1428 2429 1510 2470 250
1549 2429 1608 2479 ‚Si
1639 2428 1783 2470 hercle
1816 2442 1896 2484 ego

269 2510 308 2543 te
341 2516 423 2542 non
457 2501 761 2557 elinguandam
794 2501 983 2551 dedero‘3
1031 2501 1157 2557 Epid.
1193 2500 1269 2540 1:21
1313 2498 1464 2553 ,Quem
1503 2497 1676 2552 quidem
1715 2511 1795 2551 ego
1827 2496 1896 2538 ho-

268 2570 424 2611 minem
456 2570 688 2626 inrigatum
719 2569 859 2625 plagis
898 2570 1046 2624 pistori
1079 2569 1227 2622 dabo‘3
1272 2567 1384 2623 Capt.
1423 2567 1505 2608 658
1544 2565 1675 2616 ,Num
1714 2565 1894 2621 ligatum

268 2638 495 2694 (lignatum
527 2639 662 2694 codd.)
695 2638 944 2679 mittimur?‘

384 2707 460 2750 Sat
498 2707 641 2748 multis
681 2707 784 2747 locis
822 2706 1069 2755 histriones,
1114 2714 1160 2748 ut
1197 2704 1325 2746 hodie
1367 2718 1537 2758 quoque
1575 2703 1716 2744 facere
1747 2700 1894 2751 solent,

271 2790 348 2818 sua
379 2775 554 2816 inventa
586 2789 750 2816 summa
782 2789 878 2816 cum
909 2774 1080 2815 licentia
1102 2773 1243 2814 verbis
1274 2783 1424 2829 poetae
1456 2771 1748 2820 subiecerunt3
1780 2768 1895 2824 quod

271 2859 398 2899 saepe
430 2850 517 2885 tam
543 2843 646 2884 scite
676 2843 838 2884 factum
872 2857 963 2884 esse
986 2842 1165 2892 videbis,
1196 2849 1243 2883 ut
1274 2841 1470 2896 quamvis
1493 2840 1602 2880 inter
1633 2853 1677 2880 se
1701 2838 1894 2879 diversae

271 2914 354 2955 sint
387 2927 587 2954 versuum
619 2911 779 2954 formae
812 2910 927 2954 nullo
959 2910 1117 2953 indicio
1147 2910 1316 2952 illorum
1348 2908 1582 2951 tentamina
1618 2906 1782 2966 possint
1813 2905 1894 2949 dis·
