<?xml version="1.0" encoding="UTF-8"?>
<!DOCTYPE html PUBLIC "-//W3C//DTD XHTML 1.0 Transitional//EN"
    "http://www.w3.org/TR/xhtml1/DTD/xhtml1-transitional.dtd">
<html xmlns="http://www.w3.org/1999/xhtml" xml:lang="en" lang="en">
 <head>
  <title>
</title>
<meta http-equiv="Content-Type" content="text/html;charset=utf-8" />
  <meta name='ocr-system' content='tesseract 3.04.00' />
  <meta name='ocr-capabilities' content='ocr_page ocr_carea ocr_par ocr_line ocrx_word'/>
</head>
<body>
  <div class='ocr_page' id='page_1' title='image "./deplautifabularu00baieuoft_0015.png"; bbox 0 0 2020 3278; ppageno 0'>
   <div class='ocr_carea' id='block_1_1' title="bbox 895 182 920 222">
    <p class='ocr_par' dir='ltr' id='par_1_1' title="bbox 895 182 920 222">
     <span class='ocr_line' id='line_1_1' title="bbox 895 182 920 222; baseline 0 0"><span class='ocrx_word' id='word_1_1' title='bbox 895 182 920 222; x_wconf 86' lang='lat'><strong>3</strong></span> 
     </span>
    </p>
   </div>
   <div class='ocr_carea' id='block_1_2' title="bbox 91 315 1748 3026">
    <p class='ocr_par' dir='ltr' id='par_1_2' title="bbox 91 315 1726 855">
     <span class='ocr_line' id='line_1_2' title="bbox 91 315 1721 376; baseline -0.003 -15"><span class='ocrx_word' id='word_1_2' title='bbox 91 320 346 362; x_wconf 69' lang='lat' dir='ltr'>invasissent</span> <span class='ocrx_word' id='word_1_3' title='bbox 391 334 549 376; x_wconf 87' lang='lat' dir='ltr'>pravae</span> <span class='ocrx_word' id='word_1_4' title='bbox 588 319 852 376; x_wconf 80' lang='lat' dir='ltr'>scripturae,</span> <span class='ocrx_word' id='word_1_5' title='bbox 900 333 970 360; x_wconf 91' lang='lat' dir='ltr'>eas</span> <span class='ocrx_word' id='word_1_6' title='bbox 1011 319 1099 358; x_wconf 83' lang='lat' dir='ltr'>fere</span> <span class='ocrx_word' id='word_1_7' title='bbox 1137 331 1281 358; x_wconf 89' lang='lat' dir='ltr'>omnes</span> <span class='ocrx_word' id='word_1_8' title='bbox 1330 315 1583 372; x_wconf 89' lang='lat' dir='ltr'>repetendas</span> <span class='ocrx_word' id='word_1_9' title='bbox 1631 330 1721 357; x_wconf 86' lang='lat' dir='ltr'>esse</span> 
     </span>
     <span class='ocr_line' id='line_1_3' title="bbox 92 385 1720 442; baseline -0.004 -12"><span class='ocrx_word' id='word_1_10' title='bbox 92 398 166 431; x_wconf 84' lang='lat' dir='ltr'>aut</span> <span class='ocrx_word' id='word_1_11' title='bbox 211 404 261 430; x_wconf 86' lang='lat' dir='ltr'>ex</span> <span class='ocrx_word' id='word_1_12' title='bbox 309 388 580 429; x_wconf 85' lang='lat' dir='ltr'>librariorum</span> <span class='ocrx_word' id='word_1_13' title='bbox 629 387 843 429; x_wconf 89' lang='lat' dir='ltr'>erroribus</span> <span class='ocrx_word' id='word_1_14' title='bbox 890 394 963 428; x_wconf 87' lang='lat' dir='ltr'>aut</span> <span class='ocrx_word' id='word_1_15' title='bbox 1009 401 1060 427; x_wconf 88' lang='lat' dir='ltr'>ex</span> <span class='ocrx_word' id='word_1_16' title='bbox 1109 385 1280 442; x_wconf 81' lang='lat' dir='ltr'>propria</span> <span class='ocrx_word' id='word_1_17' title='bbox 1321 394 1474 426; x_wconf 87' lang='lat' dir='ltr'>natura</span> <span class='ocrx_word' id='word_1_18' title='bbox 1516 385 1720 426; x_wconf 73' lang='lat' dir='ltr'>sermonis</span> 
     </span>
     <span class='ocr_line' id='line_1_4' title="bbox 92 452 1722 513; baseline -0.002 -15"><span class='ocrx_word' id='word_1_19' title='bbox 92 457 299 509; x_wconf 85' lang='lat' dir='ltr'>Plautini,</span> <span class='ocrx_word' id='word_1_20' title='bbox 343 457 415 513; x_wconf 91' lang='lat' dir='ltr'>qui</span> <span class='ocrx_word' id='word_1_21' title='bbox 458 457 630 512; x_wconf 84' lang='lat' dir='ltr'>linguae</span> <span class='ocrx_word' id='word_1_22' title='bbox 683 457 922 498; x_wconf 82' lang='lat' dir='ltr'>cotidianae</span> <span class='ocrx_word' id='word_1_23' title='bbox 966 453 1317 495; x_wconf 87' lang='lat' dir='ltr'>consuetudinem</span> <span class='ocrx_word' id='word_1_24' title='bbox 1364 453 1532 494; x_wconf 88' lang='lat' dir='ltr'>dicendi</span> <span class='ocrx_word' id='word_1_25' title='bbox 1580 452 1722 494; x_wconf 87' lang='lat' dir='ltr'>laxam</span> 
     </span>
     <span class='ocr_line' id='line_1_5' title="bbox 94 520 1723 580; baseline -0.003 -13"><span class='ocrx_word' id='word_1_26' title='bbox 94 534 135 567; x_wconf 90' lang='lat' dir='ltr'>et</span> <span class='ocrx_word' id='word_1_27' title='bbox 167 526 289 580; x_wconf 88' lang='lat' dir='ltr'>quasi</span> <span class='ocrx_word' id='word_1_28' title='bbox 314 525 534 567; x_wconf 84' lang='lat' dir='ltr'>remissam</span> <span class='ocrx_word' id='word_1_29' title='bbox 567 524 756 566; x_wconf 83' lang='lat' dir='ltr'>imitatus</span> <span class='ocrx_word' id='word_1_30' title='bbox 788 524 988 565; x_wconf 82' lang='lat' dir='ltr'>facillime</span> <span class='ocrx_word' id='word_1_31' title='bbox 1020 522 1216 564; x_wconf 83' lang='lat' dir='ltr'>librarios</span> <span class='ocrx_word' id='word_1_32' title='bbox 1248 521 1477 578; x_wconf 79' lang='lat' dir='ltr'>pelliceret,</span> <span class='ocrx_word' id='word_1_33' title='bbox 1517 529 1563 562; x_wconf 90' lang='lat' dir='ltr'>ut</span> <span class='ocrx_word' id='word_1_34' title='bbox 1593 520 1723 562; x_wconf 87' lang='lat' dir='ltr'>verba</span> 
     </span>
     <span class='ocr_line' id='line_1_6' title="bbox 93 589 1724 648; baseline -0.002 -14"><span class='ocrx_word' id='word_1_35' title='bbox 93 593 337 634; x_wconf 88' lang='lat' dir='ltr'>omitterent</span> <span class='ocrx_word' id='word_1_36' title='bbox 370 592 572 633; x_wconf 85' lang='lat' dir='ltr'>adderent</span> <span class='ocrx_word' id='word_1_37' title='bbox 606 599 931 648; x_wconf 78' lang='lat' dir='ltr'>transponerent</span> <span class='ocrx_word' id='word_1_38' title='bbox 964 592 1072 632; x_wconf 89' lang='lat' dir='ltr'>inter</span> <span class='ocrx_word' id='word_1_39' title='bbox 1094 606 1137 632; x_wconf 83' lang='lat' dir='ltr'>se</span> <span class='ocrx_word' id='word_1_40' title='bbox 1160 598 1397 639; x_wconf 82' lang='lat' dir='ltr'>mutarent3</span> <span class='ocrx_word' id='word_1_41' title='bbox 1432 589 1724 631; x_wconf 87' lang='lat' dir='ltr'>Palatinorum</span> 
     </span>
     <span class='ocr_line' id='line_1_7' title="bbox 94 657 1724 718; baseline -0.002 -16"><span class='ocrx_word' id='word_1_42' title='bbox 94 669 233 703; x_wconf 91' lang='lat' dir='ltr'>autem</span> <span class='ocrx_word' id='word_1_43' title='bbox 276 669 496 718; x_wconf 88' lang='lat' dir='ltr'>praeterea</span> <span class='ocrx_word' id='word_1_44' title='bbox 537 676 621 701; x_wconf 91' lang='lat' dir='ltr'>non</span> <span class='ocrx_word' id='word_1_45' title='bbox 660 675 798 717; x_wconf 88' lang='lat' dir='ltr'>pauca</span> <span class='ocrx_word' id='word_1_46' title='bbox 835 660 940 701; x_wconf 90' lang='lat' dir='ltr'>vitia</span> <span class='ocrx_word' id='word_1_47' title='bbox 979 660 1075 700; x_wconf 90' lang='lat' dir='ltr'>inde</span> <span class='ocrx_word' id='word_1_48' title='bbox 1116 666 1216 700; x_wconf 90' lang='lat' dir='ltr'>nata</span> <span class='ocrx_word' id='word_1_49' title='bbox 1256 673 1369 708; x_wconf 89' lang='lat' dir='ltr'>esse,</span> <span class='ocrx_word' id='word_1_50' title='bbox 1409 658 1524 712; x_wconf 86' lang='lat' dir='ltr'>quod</span> <span class='ocrx_word' id='word_1_51' title='bbox 1562 657 1724 699; x_wconf 88' lang='lat' dir='ltr'>librarii</span> 
     </span>
     <span class='ocr_line' id='line_1_8' title="bbox 94 727 1726 785; baseline -0.002 -14"><span class='ocrx_word' id='word_1_52' title='bbox 94 730 255 771; x_wconf 88' lang='lat' dir='ltr'>litteras</span> <span class='ocrx_word' id='word_1_53' title='bbox 295 729 484 770; x_wconf 86' lang='lat' dir='ltr'>unciales</span> <span class='ocrx_word' id='word_1_54' title='bbox 528 729 569 770; x_wconf 91' lang='lat' dir='ltr'>in</span> <span class='ocrx_word' id='word_1_55' title='bbox 609 729 869 771; x_wconf 85' lang='lat' dir='ltr'>minusculas</span> <span class='ocrx_word' id='word_1_56' title='bbox 909 743 1038 785; x_wconf 87' lang='lat' dir='ltr'>prave</span> <span class='ocrx_word' id='word_1_57' title='bbox 1078 727 1444 783; x_wconf 86' lang='lat' dir='ltr'>transcripsissent</span> <span class='ocrx_word' id='word_1_58' title='bbox 1484 727 1550 768; x_wconf 81' lang='lat' dir='ltr'>vel</span> <span class='ocrx_word' id='word_1_59' title='bbox 1587 741 1726 768; x_wconf 85' lang='lat' dir='ltr'>exem-</span> 
     </span>
     <span class='ocr_line' id='line_1_9' title="bbox 95 797 1215 855; baseline 0 -16"><span class='ocrx_word' id='word_1_60' title='bbox 95 797 285 855; x_wconf 87' lang='lat' dir='ltr'>plaribus</span> <span class='ocrx_word' id='word_1_61' title='bbox 317 798 427 839; x_wconf 86' lang='lat' dir='ltr'>male</span> <span class='ocrx_word' id='word_1_62' title='bbox 460 797 614 838; x_wconf 89' lang='lat' dir='ltr'>habitis</span> <span class='ocrx_word' id='word_1_63' title='bbox 646 806 685 839; x_wconf 90' lang='lat' dir='ltr'>et</span> <span class='ocrx_word' id='word_1_64' title='bbox 718 798 931 838; x_wconf 90' lang='lat' dir='ltr'>lacunosis</span> <span class='ocrx_word' id='word_1_65' title='bbox 964 797 1028 838; x_wconf 88' lang='lat' dir='ltr'>usi</span> <span class='ocrx_word' id='word_1_66' title='bbox 1061 804 1215 839; x_wconf 88' lang='lat' dir='ltr'>essent.</span> 
     </span>
    </p>

    <p class='ocr_par' dir='ltr' id='par_1_3' title="bbox 94 864 1748 2835">
     <span class='ocr_line' id='line_1_10' title="bbox 209 864 1726 923; baseline -0.001 -17"><span class='ocrx_word' id='word_1_67' title='bbox 209 866 280 907; x_wconf 77' lang='lat' dir='ltr'>Sic</span> <span class='ocrx_word' id='word_1_68' title='bbox 312 867 384 921; x_wconf 90' lang='lat' dir='ltr'>qui</span> <span class='ocrx_word' id='word_1_69' title='bbox 417 865 649 919; x_wconf 85' lang='lat' dir='ltr'>iudicabat⁷</span> <span class='ocrx_word' id='word_1_70' title='bbox 684 866 868 908; x_wconf 81' lang='lat' dir='ltr'>debebat</span> <span class='ocrx_word' id='word_1_71' title='bbox 891 866 1081 923; x_wconf 86' lang='lat' dir='ltr'>profecto</span> <span class='ocrx_word' id='word_1_72' title='bbox 1103 865 1351 921; x_wconf 86' lang='lat' dir='ltr'>antiquitati</span> <span class='ocrx_word' id='word_1_73' title='bbox 1377 864 1574 906; x_wconf 87' lang='lat' dir='ltr'>codicum</span> <span class='ocrx_word' id='word_1_74' title='bbox 1598 878 1726 920; x_wconf 88' lang='lat' dir='ltr'>quam</span> 
     </span>
     <span class='ocr_line' id='line_1_11' title="bbox 94 933 1729 992; baseline -0.002 -16"><span class='ocrx_word' id='word_1_75' title='bbox 94 934 324 992; x_wconf 87' lang='lat' dir='ltr'>plurimum</span> <span class='ocrx_word' id='word_1_76' title='bbox 347 934 546 984; x_wconf 86' lang='lat' dir='ltr'>tribuere,</span> <span class='ocrx_word' id='word_1_77' title='bbox 577 948 671 975; x_wconf 87' lang='lat' dir='ltr'>cum</span> <span class='ocrx_word' id='word_1_78' title='bbox 696 936 736 976; x_wconf 92' lang='lat' dir='ltr'>in</span> <span class='ocrx_word' id='word_1_79' title='bbox 761 936 1101 991; x_wconf 86' lang='lat' dir='ltr'>antiquissimum</span> <span class='ocrx_word' id='word_1_80' title='bbox 1123 934 1314 975; x_wconf 82' lang='lat' dir='ltr'>codicem</span> <span class='ocrx_word' id='word_1_81' title='bbox 1340 933 1528 974; x_wconf 92' lang='lat' dir='ltr'>omnium</span> <span class='ocrx_word' id='word_1_82' title='bbox 1558 934 1729 974; x_wconf 88' lang='lat' dir='ltr'>minime</span> 
     </span>
     <span class='ocr_line' id='line_1_12' title="bbox 96 1002 1728 1057; baseline -0.001 -13"><span class='ocrx_word' id='word_1_83' title='bbox 96 1003 200 1045; x_wconf 88' lang='lat' dir='ltr'>tales</span> <span class='ocrx_word' id='word_1_84' title='bbox 239 1003 509 1044; x_wconf 86' lang='lat' dir='ltr'>librariorum</span> <span class='ocrx_word' id='word_1_85' title='bbox 555 1018 719 1044; x_wconf 87' lang='lat' dir='ltr'>errores</span> <span class='ocrx_word' id='word_1_86' title='bbox 767 1003 974 1044; x_wconf 89' lang='lat' dir='ltr'>invasisse</span> <span class='ocrx_word' id='word_1_87' title='bbox 1022 1011 1355 1044; x_wconf 86' lang='lat' dir='ltr'>consentaneum</span> <span class='ocrx_word' id='word_1_88' title='bbox 1396 1010 1519 1043; x_wconf 89' lang='lat' dir='ltr'>esset.</span> <span class='ocrx_word' id='word_1_89' title='bbox 1587 1002 1728 1057; x_wconf 87' lang='lat' dir='ltr'>itaque</span> 
     </span>
     <span class='ocr_line' id='line_1_13' title="bbox 99 1070 1727 1128; baseline -0.001 -16"><span class='ocrx_word' id='word_1_90' title='bbox 99 1071 354 1113; x_wconf 83' lang='lat' dir='ltr'>Ritschelius</span> <span class='ocrx_word' id='word_1_91' title='bbox 379 1073 531 1112; x_wconf 87' lang='lat' dir='ltr'>rationi</span> <span class='ocrx_word' id='word_1_92' title='bbox 557 1086 728 1128; x_wconf 88' lang='lat' dir='ltr'>prorsus</span> <span class='ocrx_word' id='word_1_93' title='bbox 754 1071 1068 1121; x_wconf 86' lang='lat' dir='ltr'>convenienter,</span> <span class='ocrx_word' id='word_1_94' title='bbox 1093 1086 1193 1112; x_wconf 91' lang='lat' dir='ltr'>num</span> <span class='ocrx_word' id='word_1_95' title='bbox 1218 1070 1439 1112; x_wconf 82' lang='lat' dir='ltr'>Palatinae</span> <span class='ocrx_word' id='word_1_96' title='bbox 1462 1070 1727 1111; x_wconf 88' lang='lat' dir='ltr'>recensionis</span> 
     </span>
     <span class='ocr_line' id='line_1_14' title="bbox 97 1137 1731 1195; baseline -0.001 -15"><span class='ocrx_word' id='word_1_97' title='bbox 97 1140 356 1195; x_wconf 87' lang='lat' dir='ltr'>archetypus</span> <span class='ocrx_word' id='word_1_98' title='bbox 379 1141 474 1195; x_wconf 90' lang='lat' dir='ltr'>pari</span> <span class='ocrx_word' id='word_1_99' title='bbox 492 1139 559 1180; x_wconf 81' lang='lat' dir='ltr'>vel</span> <span class='ocrx_word' id='word_1_100' title='bbox 581 1139 688 1181; x_wconf 92' lang='lat' dir='ltr'>adeo</span> <span class='ocrx_word' id='word_1_101' title='bbox 710 1141 869 1181; x_wconf 87' lang='lat' dir='ltr'>maiore</span> <span class='ocrx_word' id='word_1_102' title='bbox 888 1140 1074 1181; x_wconf 86' lang='lat' dir='ltr'>bonitate</span> <span class='ocrx_word' id='word_1_103' title='bbox 1098 1154 1225 1195; x_wconf 89' lang='lat' dir='ltr'>quam</span> <span class='ocrx_word' id='word_1_104' title='bbox 1245 1139 1280 1179; x_wconf 93' lang='lat' dir='ltr'><strong>A</strong></span> <span class='ocrx_word' id='word_1_105' title='bbox 1302 1139 1442 1188; x_wconf 88' lang='lat' dir='ltr'>fuerit,</span> <span class='ocrx_word' id='word_1_106' title='bbox 1466 1137 1571 1179; x_wconf 92' lang='lat' dir='ltr'>nihil</span> <span class='ocrx_word' id='word_1_107' title='bbox 1587 1137 1731 1179; x_wconf 89' lang='lat' dir='ltr'>valere</span> 
     </span>
     <span class='ocr_line' id='line_1_15' title="bbox 99 1206 1730 1264; baseline -0.001 -15"><span class='ocrx_word' id='word_1_108' title='bbox 99 1208 203 1249; x_wconf 86' lang='lat' dir='ltr'>dicit</span> <span class='ocrx_word' id='word_1_109' title='bbox 223 1208 278 1249; x_wconf 90' lang='lat' dir='ltr'>ad</span> <span class='ocrx_word' id='word_1_110' title='bbox 302 1207 616 1249; x_wconf 87' lang='lat' dir='ltr'>emendandum</span> <span class='ocrx_word' id='word_1_111' title='bbox 639 1216 821 1263; x_wconf 89' lang='lat' dir='ltr'>poetam,</span> <span class='ocrx_word' id='word_1_112' title='bbox 848 1209 1047 1264; x_wconf 89' lang='lat' dir='ltr'>quoniam</span> <span class='ocrx_word' id='word_1_113' title='bbox 1070 1207 1141 1249; x_wconf 90' lang='lat' dir='ltr'>illa</span> <span class='ocrx_word' id='word_1_114' title='bbox 1157 1209 1362 1258; x_wconf 87' lang='lat' dir='ltr'>recensio,</span> <span class='ocrx_word' id='word_1_115' title='bbox 1388 1206 1526 1263; x_wconf 90' lang='lat' dir='ltr'>qualis</span> <span class='ocrx_word' id='word_1_116' title='bbox 1544 1221 1570 1248; x_wconf 92' lang='lat' dir='ltr'>a</span> <span class='ocrx_word' id='word_1_117' title='bbox 1587 1221 1730 1248; x_wconf 87' lang='lat' dir='ltr'>saecu-</span> 
     </span>
     <span class='ocr_line' id='line_1_16' title="bbox 100 1276 1732 1333; baseline -0.001 -16"><span class='ocrx_word' id='word_1_118' title='bbox 100 1276 235 1318; x_wconf 86' lang='lat' dir='ltr'>lorum</span> <span class='ocrx_word' id='word_1_119' title='bbox 255 1276 451 1318; x_wconf 92' lang='lat' dir='ltr'>sordibus</span> <span class='ocrx_word' id='word_1_120' title='bbox 473 1276 609 1318; x_wconf 88' lang='lat' dir='ltr'>libera</span> <span class='ocrx_word' id='word_1_121' title='bbox 626 1276 724 1318; x_wconf 89' lang='lat' dir='ltr'>olim</span> <span class='ocrx_word' id='word_1_122' title='bbox 748 1277 885 1330; x_wconf 84' lang='lat' dir='ltr'>fuerit,</span> <span class='ocrx_word' id='word_1_123' title='bbox 905 1292 1017 1318; x_wconf 88' lang='lat' dir='ltr'>nunc</span> <span class='ocrx_word' id='word_1_124' title='bbox 1039 1277 1351 1333; x_wconf 86' lang='lat' dir='ltr'>repraesentari</span> <span class='ocrx_word' id='word_1_125' title='bbox 1375 1283 1578 1332; x_wconf 84' lang='lat' dir='ltr'>nequeat3</span> <span class='ocrx_word' id='word_1_126' title='bbox 1604 1278 1732 1316; x_wconf 89' lang='lat' dir='ltr'>immo</span> 
     </span>
     <span class='ocr_line' id='line_1_17' title="bbox 101 1343 1731 1401; baseline -0.001 -16"><span class='ocrx_word' id='word_1_127' title='bbox 101 1345 392 1387; x_wconf 90' lang='lat' dir='ltr'>Ambrosiano</span> <span class='ocrx_word' id='word_1_128' title='bbox 424 1344 562 1386; x_wconf 92' lang='lat' dir='ltr'>codici</span> <span class='ocrx_word' id='word_1_129' title='bbox 594 1354 767 1401; x_wconf 90' lang='lat' dir='ltr'>propter</span> <span class='ocrx_word' id='word_1_130' title='bbox 788 1354 971 1387; x_wconf 85' lang='lat' dir='ltr'>aetatem</span> <span class='ocrx_word' id='word_1_131' title='bbox 994 1346 1299 1400; x_wconf 85' lang='lat' dir='ltr'>praestantiam</span> <span class='ocrx_word' id='word_1_132' title='bbox 1324 1344 1501 1385; x_wconf 89' lang='lat' dir='ltr'>bonitati</span> <span class='ocrx_word' id='word_1_133' title='bbox 1524 1343 1731 1384; x_wconf 86' lang='lat' dir='ltr'>vicariam</span> 
     </span>
     <span class='ocr_line' id='line_1_18' title="bbox 99 1412 1734 1469; baseline -0.001 -15"><span class='ocrx_word' id='word_1_134' title='bbox 99 1412 432 1455; x_wconf 87' lang='lat' dir='ltr'>adiudicandam</span> <span class='ocrx_word' id='word_1_135' title='bbox 456 1428 560 1465; x_wconf 84' lang='lat' dir='ltr'>esse,</span> <span class='ocrx_word' id='word_1_136' title='bbox 598 1412 843 1469; x_wconf 89' lang='lat' dir='ltr'>ubicunque</span> <span class='ocrx_word' id='word_1_137' title='bbox 868 1414 962 1468; x_wconf 88' lang='lat' dir='ltr'>pari</span> <span class='ocrx_word' id='word_1_138' title='bbox 986 1413 1175 1454; x_wconf 88' lang='lat' dir='ltr'>bonitate</span> <span class='ocrx_word' id='word_1_139' title='bbox 1200 1414 1283 1453; x_wconf 87' lang='lat' dir='ltr'>sint</span> <span class='ocrx_word' id='word_1_140' title='bbox 1313 1412 1606 1468; x_wconf 86' lang='lat' dir='ltr'>discrepantes</span> <span class='ocrx_word' id='word_1_141' title='bbox 1626 1412 1734 1452; x_wconf 89' lang='lat' dir='ltr'>inter</span> 
     </span>
     <span class='ocr_line' id='line_1_19' title="bbox 100 1480 1733 1537; baseline -0.001 -15"><span class='ocrx_word' id='word_1_142' title='bbox 100 1494 145 1522; x_wconf 90' lang='lat' dir='ltr'>se</span> <span class='ocrx_word' id='word_1_143' title='bbox 167 1482 403 1537; x_wconf 88' lang='lat' dir='ltr'>scripturae</span> <span class='ocrx_word' id='word_1_144' title='bbox 427 1481 556 1537; x_wconf 78' lang='lat' dir='ltr'>(Prol.</span> <span class='ocrx_word' id='word_1_145' title='bbox 580 1481 729 1522; x_wconf 81' lang='lat' dir='ltr'>LXIII</span> <span class='ocrx_word' id='word_1_146' title='bbox 756 1497 815 1537; x_wconf 86' lang='lat' dir='ltr'>sq.</span> <span class='ocrx_word' id='word_1_147' title='bbox 832 1502 890 1518; x_wconf 86' lang='lat'><strong><em>=</em></strong></span> <span class='ocrx_word' id='word_1_148' title='bbox 912 1481 986 1537; x_wconf 72' lang='lat' dir='ltr'>Op.</span> <span class='ocrx_word' id='word_1_149' title='bbox 1006 1482 1074 1537; x_wconf 72' lang='lat' dir='ltr'>ple.</span> <span class='ocrx_word' id='word_1_150' title='bbox 1100 1480 1139 1523; x_wconf 87' lang='lat' dir='ltr'><strong>V</strong></span> <span class='ocrx_word' id='word_1_151' title='bbox 1162 1480 1278 1532; x_wconf 77' lang='lat'><strong><em>3:22).</em></strong></span> <span class='ocrx_word' id='word_1_152' title='bbox 1330 1480 1487 1521; x_wconf 91' lang='lat' dir='ltr'>deinde</span> <span class='ocrx_word' id='word_1_153' title='bbox 1510 1495 1565 1521; x_wconf 83' lang='lat' dir='ltr'>ex</span> <span class='ocrx_word' id='word_1_154' title='bbox 1588 1480 1733 1521; x_wconf 88' lang='lat' dir='ltr'>eodem</span> 
     </span>
     <span class='ocr_line' id='line_1_20' title="bbox 102 1547 1733 1606; baseline -0.001 -16"><span class='ocrx_word' id='word_1_155' title='bbox 102 1549 325 1591; x_wconf 89' lang='lat' dir='ltr'>Ritschelii</span> <span class='ocrx_word' id='word_1_156' title='bbox 349 1549 507 1591; x_wconf 89' lang='lat' dir='ltr'>iudicio</span> <span class='ocrx_word' id='word_1_157' title='bbox 529 1549 665 1592; x_wconf 89' lang='lat' dir='ltr'>altera</span> <span class='ocrx_word' id='word_1_158' title='bbox 687 1565 856 1606; x_wconf 90' lang='lat' dir='ltr'>quoque</span> <span class='ocrx_word' id='word_1_159' title='bbox 885 1550 956 1591; x_wconf 90' lang='lat' dir='ltr'>lex</span> <span class='ocrx_word' id='word_1_160' title='bbox 980 1551 1083 1591; x_wconf 89' lang='lat' dir='ltr'>artis</span> <span class='ocrx_word' id='word_1_161' title='bbox 1107 1551 1280 1590; x_wconf 86' lang='lat' dir='ltr'>criticae</span> <span class='ocrx_word' id='word_1_162' title='bbox 1303 1548 1574 1590; x_wconf 84' lang='lat' dir='ltr'>exercendae</span> <span class='ocrx_word' id='word_1_163' title='bbox 1597 1547 1733 1600; x_wconf 83' lang='lat' dir='ltr'>fiuxit,</span> 
     </span>
     <span class='ocr_line' id='line_1_21' title="bbox 103 1615 1735 1675; baseline -0.002 -16"><span class='ocrx_word' id='word_1_164' title='bbox 103 1633 231 1675; x_wconf 87' lang='lat' dir='ltr'>quam</span> <span class='ocrx_word' id='word_1_165' title='bbox 264 1619 342 1659; x_wconf 89' lang='lat' dir='ltr'>etsi</span> <span class='ocrx_word' id='word_1_166' title='bbox 375 1619 465 1674; x_wconf 88' lang='lat' dir='ltr'>ipse</span> <span class='ocrx_word' id='word_1_167' title='bbox 498 1632 730 1674; x_wconf 87' lang='lat' dir='ltr'>numquam</span> <span class='ocrx_word' id='word_1_168' title='bbox 763 1619 877 1673; x_wconf 89' lang='lat' dir='ltr'>quod</span> <span class='ocrx_word' id='word_1_169' title='bbox 898 1620 1031 1659; x_wconf 89' lang='lat' dir='ltr'>sciam</span> <span class='ocrx_word' id='word_1_170' title='bbox 1064 1617 1232 1658; x_wconf 84' lang='lat' dir='ltr'>disertis</span> <span class='ocrx_word' id='word_1_171' title='bbox 1264 1617 1408 1658; x_wconf 87' lang='lat' dir='ltr'>verbis</span> <span class='ocrx_word' id='word_1_172' title='bbox 1432 1615 1735 1672; x_wconf 83' lang='lat' dir='ltr'>promulgavit,</span> 
     </span>
     <span class='ocr_line' id='line_1_22' title="bbox 102 1684 1737 1742; baseline -0.001 -15"><span class='ocrx_word' id='word_1_173' title='bbox 102 1694 246 1727; x_wconf 88' lang='lat' dir='ltr'>tamen</span> <span class='ocrx_word' id='word_1_174' title='bbox 284 1701 436 1742; x_wconf 91' lang='lat' dir='ltr'>reapse</span> <span class='ocrx_word' id='word_1_175' title='bbox 475 1687 518 1727; x_wconf 91' lang='lat' dir='ltr'>in</span> <span class='ocrx_word' id='word_1_176' title='bbox 563 1687 793 1728; x_wconf 89' lang='lat' dir='ltr'>comoediis</span> <span class='ocrx_word' id='word_1_177' title='bbox 833 1687 1009 1728; x_wconf 85' lang='lat' dir='ltr'>edendis</span> <span class='ocrx_word' id='word_1_178' title='bbox 1054 1694 1221 1728; x_wconf 89' lang='lat' dir='ltr'>secutus</span> <span class='ocrx_word' id='word_1_179' title='bbox 1263 1694 1336 1727; x_wconf 90' lang='lat' dir='ltr'>est.</span> <span class='ocrx_word' id='word_1_180' title='bbox 1406 1686 1560 1727; x_wconf 89' lang='lat' dir='ltr'>etenim</span> <span class='ocrx_word' id='word_1_181' title='bbox 1601 1684 1737 1726; x_wconf 90' lang='lat' dir='ltr'>sicubi</span> 
     </span>
     <span class='ocr_line' id='line_1_23' title="bbox 106 1753 1738 1812; baseline -0.001 -16"><span class='ocrx_word' id='word_1_182' title='bbox 106 1755 416 1796; x_wconf 84' lang='lat' dir='ltr'>Ambrosianus</span> <span class='ocrx_word' id='word_1_183' title='bbox 441 1770 610 1796; x_wconf 86' lang='lat' dir='ltr'>versum</span> <span class='ocrx_word' id='word_1_184' title='bbox 636 1755 691 1796; x_wconf 92' lang='lat' dir='ltr'>ab</span> <span class='ocrx_word' id='word_1_185' title='bbox 714 1757 828 1797; x_wconf 92' lang='lat' dir='ltr'>omni</span> <span class='ocrx_word' id='word_1_186' title='bbox 851 1764 971 1812; x_wconf 85' lang='lat' dir='ltr'>parte</span> <span class='ocrx_word' id='word_1_187' title='bbox 996 1756 1208 1810; x_wconf 84' lang='lat' dir='ltr'>integrum</span> <span class='ocrx_word' id='word_1_188' title='bbox 1235 1753 1479 1806; x_wconf 84' lang='lat' dir='ltr'>exhibebat,</span> <span class='ocrx_word' id='word_1_189' title='bbox 1515 1755 1556 1794; x_wconf 94' lang='lat' dir='ltr'>in</span> <span class='ocrx_word' id='word_1_190' title='bbox 1581 1753 1614 1794; x_wconf 84' lang='lat' dir='ltr'>P</span> <span class='ocrx_word' id='word_1_191' title='bbox 1636 1767 1738 1794; x_wconf 88' lang='lat' dir='ltr'>vero</span> 
     </span>
     <span class='ocr_line' id='line_1_24' title="bbox 107 1822 1738 1879; baseline -0.001 -15"><span class='ocrx_word' id='word_1_192' title='bbox 107 1823 241 1864; x_wconf 86' lang='lat' dir='ltr'>altera</span> <span class='ocrx_word' id='word_1_193' title='bbox 262 1822 386 1864; x_wconf 88' lang='lat' dir='ltr'>lectio</span> <span class='ocrx_word' id='word_1_194' title='bbox 411 1837 545 1878; x_wconf 88' lang='lat' dir='ltr'>aeque</span> <span class='ocrx_word' id='word_1_195' title='bbox 570 1822 680 1864; x_wconf 89' lang='lat' dir='ltr'>bona</span> <span class='ocrx_word' id='word_1_196' title='bbox 705 1823 891 1876; x_wconf 85' lang='lat' dir='ltr'>extabat,</span> <span class='ocrx_word' id='word_1_197' title='bbox 924 1838 1033 1879; x_wconf 88' lang='lat' dir='ltr'>quae</span> <span class='ocrx_word' id='word_1_198' title='bbox 1059 1838 1196 1878; x_wconf 87' lang='lat' dir='ltr'>neque</span> <span class='ocrx_word' id='word_1_199' title='bbox 1220 1837 1321 1863; x_wconf 90' lang='lat' dir='ltr'>casu</span> <span class='ocrx_word' id='word_1_200' title='bbox 1344 1831 1437 1863; x_wconf 85' lang='lat' dir='ltr'>orta</span> <span class='ocrx_word' id='word_1_201' title='bbox 1459 1829 1549 1863; x_wconf 88' lang='lat' dir='ltr'>erat</span> <span class='ocrx_word' id='word_1_202' title='bbox 1586 1835 1738 1877; x_wconf 89' lang='lat' dir='ltr'>neque,</span> 
     </span>
     <span class='ocr_line' id='line_1_25' title="bbox 107 1890 1740 1947; baseline -0.001 -15"><span class='ocrx_word' id='word_1_203' title='bbox 107 1900 152 1932; x_wconf 91' lang='lat' dir='ltr'>ut</span> <span class='ocrx_word' id='word_1_204' title='bbox 174 1890 406 1933; x_wconf 89' lang='lat' dir='ltr'>Ritschelio</span> <span class='ocrx_word' id='word_1_205' title='bbox 438 1890 678 1944; x_wconf 87' lang='lat' dir='ltr'>videbatur,</span> <span class='ocrx_word' id='word_1_206' title='bbox 711 1891 1084 1947; x_wconf 84' lang='lat' dir='ltr'>interpolationem</span> <span class='ocrx_word' id='word_1_207' title='bbox 1117 1890 1358 1940; x_wconf 84' lang='lat' dir='ltr'>redolebat,</span> <span class='ocrx_word' id='word_1_208' title='bbox 1392 1891 1616 1945; x_wconf 90' lang='lat' dir='ltr'>spinosum</span> <span class='ocrx_word' id='word_1_209' title='bbox 1649 1899 1740 1931; x_wconf 89' lang='lat' dir='ltr'>erat</span> 
     </span>
     <span class='ocr_line' id='line_1_26' title="bbox 109 1959 1739 2015; baseline -0.001 -15"><span class='ocrx_word' id='word_1_210' title='bbox 109 1973 267 2015; x_wconf 86' lang='lat' dir='ltr'>negare</span> <span class='ocrx_word' id='word_1_211' title='bbox 316 1959 521 2000; x_wconf 88' lang='lat' dir='ltr'>utramvis</span> <span class='ocrx_word' id='word_1_212' title='bbox 564 1974 712 2000; x_wconf 89' lang='lat' dir='ltr'>versus</span> <span class='ocrx_word' id='word_1_213' title='bbox 766 1960 947 2001; x_wconf 86' lang='lat' dir='ltr'>formam</span> <span class='ocrx_word' id='word_1_214' title='bbox 993 1959 1239 2000; x_wconf 83' lang='lat' dir='ltr'>Plautinam</span> <span class='ocrx_word' id='word_1_215' title='bbox 1288 1973 1378 1999; x_wconf 84' lang='lat' dir='ltr'>esse</span> <span class='ocrx_word' id='word_1_216' title='bbox 1429 1973 1552 2014; x_wconf 90' lang='lat' dir='ltr'>posse</span> <span class='ocrx_word' id='word_1_217' title='bbox 1599 1972 1739 2013; x_wconf 91' lang='lat' dir='ltr'>neque</span> 
     </span>
     <span class='ocr_line' id='line_1_27' title="bbox 107 2026 1741 2083; baseline 0 -16"><span class='ocrx_word' id='word_1_218' title='bbox 107 2026 232 2068; x_wconf 82' lang='lat' dir='ltr'>facile</span> <span class='ocrx_word' id='word_1_219' title='bbox 256 2026 596 2083; x_wconf 88' lang='lat' dir='ltr'>perspiciebatur</span> <span class='ocrx_word' id='word_1_220' title='bbox 628 2037 722 2068; x_wconf 89' lang='lat' dir='ltr'>utra</span> <span class='ocrx_word' id='word_1_221' title='bbox 746 2029 906 2070; x_wconf 89' lang='lat' dir='ltr'>maiore</span> <span class='ocrx_word' id='word_1_222' title='bbox 930 2044 1025 2070; x_wconf 88' lang='lat' dir='ltr'>cum</span> <span class='ocrx_word' id='word_1_223' title='bbox 1057 2030 1146 2069; x_wconf 86' lang='lat' dir='ltr'>iure</span> <span class='ocrx_word' id='word_1_224' title='bbox 1170 2028 1447 2083; x_wconf 87' lang='lat' dir='ltr'>reciperetur.</span> <span class='ocrx_word' id='word_1_225' title='bbox 1501 2026 1579 2067; x_wconf 91' lang='lat' dir='ltr'>hac</span> <span class='ocrx_word' id='word_1_226' title='bbox 1610 2027 1741 2081; x_wconf 88' lang='lat' dir='ltr'>igitur</span> 
     </span>
     <span class='ocr_line' id='line_1_28' title="bbox 111 2095 1740 2153; baseline 0 -17"><span class='ocrx_word' id='word_1_227' title='bbox 111 2096 435 2137; x_wconf 86' lang='lat' dir='ltr'>ratiocinatione</span> <span class='ocrx_word' id='word_1_228' title='bbox 475 2095 732 2137; x_wconf 86' lang='lat' dir='ltr'>Ritschelius</span> <span class='ocrx_word' id='word_1_229' title='bbox 771 2111 899 2153; x_wconf 88' lang='lat' dir='ltr'>saepe</span> <span class='ocrx_word' id='word_1_230' title='bbox 940 2097 1151 2138; x_wconf 84' lang='lat' dir='ltr'>adductus</span> <span class='ocrx_word' id='word_1_231' title='bbox 1199 2105 1278 2147; x_wconf 88' lang='lat' dir='ltr'>est,</span> <span class='ocrx_word' id='word_1_232' title='bbox 1328 2104 1371 2136; x_wconf 85' lang='lat' dir='ltr'>ut</span> <span class='ocrx_word' id='word_1_233' title='bbox 1419 2110 1473 2136; x_wconf 85' lang='lat' dir='ltr'>ex</span> <span class='ocrx_word' id='word_1_234' title='bbox 1520 2095 1740 2148; x_wconf 88' lang='lat' dir='ltr'>utriusque</span> 
     </span>
     <span class='ocr_line' id='line_1_29' title="bbox 110 2163 1742 2219; baseline -0.001 -15"><span class='ocrx_word' id='word_1_235' title='bbox 110 2164 367 2205; x_wconf 89' lang='lat' dir='ltr'>recensionis</span> <span class='ocrx_word' id='word_1_236' title='bbox 398 2164 649 2205; x_wconf 88' lang='lat' dir='ltr'>testimoniis</span> <span class='ocrx_word' id='word_1_237' title='bbox 682 2165 724 2204; x_wconf 90' lang='lat' dir='ltr'>in</span> <span class='ocrx_word' id='word_1_238' title='bbox 755 2180 885 2206; x_wconf 89' lang='lat' dir='ltr'>unum</span> <span class='ocrx_word' id='word_1_239' title='bbox 918 2165 1114 2207; x_wconf 88' lang='lat' dir='ltr'>conflatis</span> <span class='ocrx_word' id='word_1_240' title='bbox 1147 2164 1289 2205; x_wconf 88' lang='lat' dir='ltr'>Plauti</span> <span class='ocrx_word' id='word_1_241' title='bbox 1331 2163 1462 2204; x_wconf 90' lang='lat' dir='ltr'>verba</span> <span class='ocrx_word' id='word_1_242' title='bbox 1501 2164 1742 2219; x_wconf 86' lang='lat' dir='ltr'>reciperare</span> 
     </span>
     <span class='ocr_line' id='line_1_30' title="bbox 110 2232 1743 2288; baseline -0.001 -15"><span class='ocrx_word' id='word_1_243' title='bbox 110 2232 316 2285; x_wconf 84' lang='lat' dir='ltr'>studeret,</span> <span class='ocrx_word' id='word_1_244' title='bbox 358 2233 402 2273; x_wconf 91' lang='lat' dir='ltr'>id</span> <span class='ocrx_word' id='word_1_245' title='bbox 441 2232 552 2288; x_wconf 88' lang='lat' dir='ltr'>quod</span> <span class='ocrx_word' id='word_1_246' title='bbox 597 2234 760 2274; x_wconf 86' lang='lat' dir='ltr'>ratione</span> <span class='ocrx_word' id='word_1_247' title='bbox 800 2234 1090 2283; x_wconf 87' lang='lat' dir='ltr'>dissuadetur,</span> <span class='ocrx_word' id='word_1_248' title='bbox 1131 2233 1205 2274; x_wconf 91' lang='lat' dir='ltr'>ubi</span> <span class='ocrx_word' id='word_1_249' title='bbox 1243 2233 1428 2288; x_wconf 87' lang='lat' dir='ltr'>primum</span> <span class='ocrx_word' id='word_1_250' title='bbox 1461 2239 1743 2273; x_wconf 87' lang='lat' dir='ltr'>correctorem</span> 
     </span>
     <span class='ocr_line' id='line_1_31' title="bbox 111 2300 1744 2356; baseline 0 -15"><span class='ocrx_word' id='word_1_251' title='bbox 111 2300 326 2355; x_wconf 87' lang='lat' dir='ltr'>quendam</span> <span class='ocrx_word' id='word_1_252' title='bbox 351 2302 393 2342; x_wconf 92' lang='lat' dir='ltr'>in</span> <span class='ocrx_word' id='word_1_253' title='bbox 417 2300 553 2342; x_wconf 88' lang='lat' dir='ltr'>altera</span> <span class='ocrx_word' id='word_1_254' title='bbox 574 2303 822 2343; x_wconf 88' lang='lat' dir='ltr'>recensione</span> <span class='ocrx_word' id='word_1_255' title='bbox 844 2317 920 2343; x_wconf 92' lang='lat' dir='ltr'>sua</span> <span class='ocrx_word' id='word_1_256' title='bbox 945 2302 1078 2344; x_wconf 85' lang='lat' dir='ltr'>verba</span> <span class='ocrx_word' id='word_1_257' title='bbox 1098 2301 1304 2342; x_wconf 88' lang='lat' dir='ltr'>Plautinis</span> <span class='ocrx_word' id='word_1_258' title='bbox 1322 2301 1492 2356; x_wconf 88' lang='lat' dir='ltr'>saepius</span> <span class='ocrx_word' id='word_1_259' title='bbox 1511 2300 1744 2341; x_wconf 89' lang='lat' dir='ltr'>subiecisse</span> 
     </span>
     <span class='ocr_line' id='line_1_32' title="bbox 111 2367 1743 2426; baseline -0.001 -17"><span class='ocrx_word' id='word_1_260' title='bbox 111 2370 329 2424; x_wconf 84' lang='lat' dir='ltr'>cognitum</span> <span class='ocrx_word' id='word_1_261' title='bbox 355 2378 428 2410; x_wconf 88' lang='lat' dir='ltr'>est.</span> <span class='ocrx_word' id='word_1_262' title='bbox 473 2377 516 2410; x_wconf 90' lang='lat' dir='ltr'>ut</span> <span class='ocrx_word' id='word_1_263' title='bbox 538 2384 678 2425; x_wconf 89' lang='lat' dir='ltr'>pauca</span> <span class='ocrx_word' id='word_1_264' title='bbox 700 2370 899 2426; x_wconf 84' lang='lat' dir='ltr'>exempla</span> <span class='ocrx_word' id='word_1_265' title='bbox 921 2370 995 2411; x_wconf 91' lang='lat' dir='ltr'>sed</span> <span class='ocrx_word' id='word_1_266' title='bbox 1018 2384 1068 2411; x_wconf 88' lang='lat' dir='ltr'>ea</span> <span class='ocrx_word' id='word_1_267' title='bbox 1100 2370 1203 2410; x_wconf 85' lang='lat' dir='ltr'>satis</span> <span class='ocrx_word' id='word_1_268' title='bbox 1233 2367 1532 2409; x_wconf 87' lang='lat' dir='ltr'>memorabilia</span> <span class='ocrx_word' id='word_1_269' title='bbox 1552 2367 1743 2417; x_wconf 87' lang='lat' dir='ltr'>afferam,</span> 
     </span>
     <span class='ocr_line' id='line_1_33' title="bbox 111 2436 1744 2496; baseline -0.001 -18"><span class='ocrx_word' id='word_1_270' title='bbox 111 2452 208 2478; x_wconf 91' lang='lat' dir='ltr'>cum</span> <span class='ocrx_word' id='word_1_271' title='bbox 239 2438 330 2478; x_wconf 69' lang='lat' dir='ltr'>Mil.</span> <span class='ocrx_word' id='word_1_272' title='bbox 355 2438 454 2492; x_wconf 68' lang='lat' dir='ltr'>ylor.</span> <span class='ocrx_word' id='word_1_273' title='bbox 480 2438 535 2478; x_wconf 83' lang='lat'>24</span> <span class='ocrx_word' id='word_1_274' title='bbox 566 2439 608 2479; x_wconf 89' lang='lat' dir='ltr'>in</span> <span class='ocrx_word' id='word_1_275' title='bbox 630 2438 673 2479; x_wconf 89' lang='lat' dir='ltr'><strong>A</strong></span> <span class='ocrx_word' id='word_1_276' title='bbox 696 2446 812 2480; x_wconf 86' lang='lat' dir='ltr'>extet</span> <span class='ocrx_word' id='word_1_277' title='bbox 841 2437 1006 2496; x_wconf 84' lang='lat' dir='ltr'>,[cstur]</span> <span class='ocrx_word' id='word_1_278' title='bbox 1042 2439 1238 2479; x_wconf 90' lang='lat' dir='ltr'>insanum</span> <span class='ocrx_word' id='word_1_279' title='bbox 1272 2437 1405 2489; x_wconf 86' lang='lat' dir='ltr'>bene‘,</span> <span class='ocrx_word' id='word_1_280' title='bbox 1440 2438 1481 2477; x_wconf 90' lang='lat' dir='ltr'>in</span> <span class='ocrx_word' id='word_1_281' title='bbox 1504 2436 1538 2477; x_wconf 88' lang='lat' dir='ltr'><strong>P</strong></span> <span class='ocrx_word' id='word_1_282' title='bbox 1561 2445 1601 2477; x_wconf 90' lang='lat' dir='ltr'>et</span> <span class='ocrx_word' id='word_1_283' title='bbox 1630 2436 1744 2492; x_wconf 90' lang='lat' dir='ltr'>apud</span> 
     </span>
     <span class='ocr_line' id='line_1_34' title="bbox 113 2504 1747 2561; baseline 0 -15"><span class='ocrx_word' id='word_1_284' title='bbox 113 2504 349 2547; x_wconf 88' lang='lat' dir='ltr'>Varronem</span> <span class='ocrx_word' id='word_1_285' title='bbox 375 2507 434 2549; x_wconf 61' lang='lat' dir='ltr'>(le.</span> <span class='ocrx_word' id='word_1_286' title='bbox 460 2506 484 2546; x_wconf 88' lang='lat' dir='ltr'>l.</span> <span class='ocrx_word' id='word_1_287' title='bbox 510 2507 534 2546; x_wconf 83' lang='lat' dir='ltr'>l.</span> <span class='ocrx_word' id='word_1_288' title='bbox 560 2505 646 2549; x_wconf 83' lang='lat' dir='ltr'>VH</span> <span class='ocrx_word' id='word_1_289' title='bbox 673 2506 727 2549; x_wconf 81' lang='lat'>86</span> <span class='ocrx_word' id='word_1_290' title='bbox 759 2516 889 2561; x_wconf 89' lang='lat' dir='ltr'>,estur</span> <span class='ocrx_word' id='word_1_291' title='bbox 918 2508 1065 2548; x_wconf 91' lang='lat' dir='ltr'>insane</span> <span class='ocrx_word' id='word_1_292' title='bbox 1089 2506 1226 2555; x_wconf 85' lang='lat' dir='ltr'>bene‘‚</span> <span class='ocrx_word' id='word_1_293' title='bbox 1252 2504 1524 2557; x_wconf 86' lang='lat' dir='ltr'>Ritschelius,</span> <span class='ocrx_word' id='word_1_294' title='bbox 1558 2520 1610 2546; x_wconf 93' lang='lat' dir='ltr'>ne</span> <span class='ocrx_word' id='word_1_295' title='bbox 1643 2504 1747 2561; x_wconf 90' lang='lat' dir='ltr'>quid</span> 
     </span>
     <span class='ocr_line' id='line_1_35' title="bbox 113 2572 1746 2631; baseline -0.001 -17"><span class='ocrx_word' id='word_1_296' title='bbox 113 2587 167 2614; x_wconf 86' lang='lat' dir='ltr'>ex</span> <span class='ocrx_word' id='word_1_297' title='bbox 198 2572 341 2614; x_wconf 91' lang='lat' dir='ltr'>verbis</span> <span class='ocrx_word' id='word_1_298' title='bbox 373 2575 416 2614; x_wconf 92' lang='lat' dir='ltr'>in</span> <span class='ocrx_word' id='word_1_299' title='bbox 449 2573 669 2615; x_wconf 90' lang='lat' dir='ltr'>codicibus</span> <span class='ocrx_word' id='word_1_300' title='bbox 703 2575 869 2615; x_wconf 90' lang='lat' dir='ltr'>traditis</span> <span class='ocrx_word' id='word_1_301' title='bbox 904 2576 1059 2631; x_wconf 90' lang='lat' dir='ltr'>periret</span> <span class='ocrx_word' id='word_1_302' title='bbox 1091 2575 1190 2630; x_wconf 69' lang='lat' dir='ltr'>(Op.</span> <span class='ocrx_word' id='word_1_303' title='bbox 1216 2574 1285 2630; x_wconf 74' lang='lat' dir='ltr'>ple.</span> <span class='ocrx_word' id='word_1_304' title='bbox 1307 2573 1378 2614; x_wconf 81' lang='grc' dir='ltr'>ΙΙΙ</span> <span class='ocrx_word' id='word_1_305' title='bbox 1411 2574 1533 2629; x_wconf 82' lang='grc'>791),</span> <span class='ocrx_word' id='word_1_306' title='bbox 1567 2582 1746 2628; x_wconf 89' lang='lat' dir='ltr'>utraque</span> 
     </span>
     <span class='ocr_line' id='line_1_36' title="bbox 114 2641 1745 2697; baseline -0.001 -15"><span class='ocrx_word' id='word_1_307' title='bbox 114 2641 326 2697; x_wconf 88' lang='lat' dir='ltr'>scriptura</span> <span class='ocrx_word' id='word_1_308' title='bbox 367 2642 544 2683; x_wconf 85' lang='lat' dir='ltr'>confusa</span> <span class='ocrx_word' id='word_1_309' title='bbox 584 2641 718 2683; x_wconf 91' lang='lat' dir='ltr'>edidit</span> <span class='ocrx_word' id='word_1_310' title='bbox 755 2644 968 2695; x_wconf 86' lang='lat' dir='ltr'>,insanum</span> <span class='ocrx_word' id='word_1_311' title='bbox 1008 2645 1156 2684; x_wconf 87' lang='lat' dir='ltr'>insane</span> <span class='ocrx_word' id='word_1_312' title='bbox 1190 2642 1324 2685; x_wconf 80' lang='lat' dir='ltr'>bene‘.</span> <span class='ocrx_word' id='word_1_313' title='bbox 1386 2649 1533 2697; x_wconf 89' lang='lat' dir='ltr'>postea</span> <span class='ocrx_word' id='word_1_314' title='bbox 1575 2641 1745 2682; x_wconf 90' lang='lat' dir='ltr'>demum</span> 
     </span>
     <span class='ocr_line' id='line_1_37' title="bbox 114 2709 1748 2767; baseline 0.001 -18"><span class='ocrx_word' id='word_1_315' title='bbox 114 2724 264 2751; x_wconf 89' lang='lat' dir='ltr'>verum</span> <span class='ocrx_word' id='word_1_316' title='bbox 295 2709 523 2752; x_wconf 84' lang='lat' dir='ltr'>adsecutus</span> <span class='ocrx_word' id='word_1_317' title='bbox 556 2717 619 2751; x_wconf 88' lang='lat' dir='ltr'>est</span> <span class='ocrx_word' id='word_1_318' title='bbox 650 2711 836 2767; x_wconf 63' lang='lat' dir='ltr'>(Upplae.</span> <span class='ocrx_word' id='word_1_319' title='bbox 867 2711 933 2752; x_wconf 82' lang='grc' dir='ltr'>ΙΙΙ</span> <span class='ocrx_word' id='word_1_320' title='bbox 967 2712 1080 2766; x_wconf 77' lang='grc'>789).</span> <span class='ocrx_word' id='word_1_321' title='bbox 1141 2711 1268 2752; x_wconf 89' lang='lat' dir='ltr'>etiam</span> <span class='ocrx_word' id='word_1_322' title='bbox 1301 2711 1476 2765; x_wconf 86' lang='lat' dir='ltr'>gravius</span> <span class='ocrx_word' id='word_1_323' title='bbox 1509 2717 1592 2760; x_wconf 86' lang='lat' dir='ltr'>est,</span> <span class='ocrx_word' id='word_1_324' title='bbox 1634 2709 1748 2765; x_wconf 92' lang='lat' dir='ltr'>quod</span> 
     </span>
     <span class='ocr_line' id='line_1_38' title="bbox 117 2777 1743 2835; baseline -0.001 -16"><span class='ocrx_word' id='word_1_325' title='bbox 117 2777 238 2821; x_wconf 71' lang='lat' dir='ltr'>Stich.</span> <span class='ocrx_word' id='word_1_326' title='bbox 271 2778 352 2820; x_wconf 83' lang='lat'>632</span> <span class='ocrx_word' id='word_1_327' title='bbox 394 2793 545 2820; x_wconf 90' lang='lat' dir='ltr'>versus</span> <span class='ocrx_word' id='word_1_328' title='bbox 586 2780 629 2819; x_wconf 91' lang='lat' dir='ltr'>in</span> <span class='ocrx_word' id='word_1_329' title='bbox 674 2779 994 2821; x_wconf 89' lang='lat' dir='ltr'>recensionibus</span> <span class='ocrx_word' id='word_1_330' title='bbox 1041 2793 1169 2835; x_wconf 90' lang='lat' dir='ltr'>quam</span> <span class='ocrx_word' id='word_1_331' title='bbox 1216 2778 1403 2819; x_wconf 84' lang='lat' dir='ltr'>maxime</span> <span class='ocrx_word' id='word_1_332' title='bbox 1450 2778 1743 2833; x_wconf 86' lang='lat' dir='ltr'>discrepantes</span> 
     </span>
    </p>

    <p class='ocr_par' dir='ltr' id='par_1_4' title="bbox 117 2846 1675 3026">
     <span class='ocr_line' id='line_1_39' title="bbox 172 2846 1675 2902; baseline -0.001 -14"><span class='ocrx_word' id='word_1_333' title='bbox 172 2846 237 2888; x_wconf 86' lang='lat' dir='ltr'>A:</span> <span class='ocrx_word' id='word_1_334' title='bbox 271 2878 476 2890; x_wconf 92' lang='grc'><strong>........</strong></span> <span class='ocrx_word' id='word_1_335' title='bbox 495 2856 618 2889; x_wconf 86' lang='lat' dir='ltr'>erunt</span> <span class='ocrx_word' id='word_1_336' title='bbox 649 2847 865 2889; x_wconf 86' lang='lat' dir='ltr'>Gelasime</span> <span class='ocrx_word' id='word_1_337' title='bbox 898 2848 996 2889; x_wconf 84' lang='lat' dir='ltr'>vide</span> <span class='ocrx_word' id='word_1_338' title='bbox 1027 2862 1140 2888; x_wconf 92' lang='lat' dir='ltr'>nunc</span> <span class='ocrx_word' id='word_1_339' title='bbox 1174 2846 1323 2888; x_wconf 87' lang='lat' dir='ltr'>consili</span> <span class='ocrx_word' id='word_1_340' title='bbox 1356 2877 1365 2886; x_wconf 91' lang='lat'><strong>.</strong></span> <span class='ocrx_word' id='word_1_341' title='bbox 1399 2882 1406 2889; x_wconf 93' lang='lat'><strong><em>.</em></strong></span> <span class='ocrx_word' id='word_1_342' title='bbox 1438 2861 1519 2887; x_wconf 90' lang='lat' dir='ltr'>ano</span> <span class='ocrx_word' id='word_1_343' title='bbox 1551 2854 1675 2902; x_wconf 92' lang='lat' dir='ltr'>opust</span> 
     </span>
     <span class='ocr_line' id='line_1_40' title="bbox 172 2913 1641 2972; baseline -0.001 -17"><span class='ocrx_word' id='word_1_344' title='bbox 172 2913 229 2956; x_wconf 89' lang='lat' dir='ltr'>P:</span> <span class='ocrx_word' id='word_1_345' title='bbox 261 2913 412 2956; x_wconf 89' lang='lat' dir='ltr'>Iamne</span> <span class='ocrx_word' id='word_1_346' title='bbox 443 2915 602 2957; x_wconf 79' lang='lat' dir='ltr'>abisti?</span> <span class='ocrx_word' id='word_1_347' title='bbox 636 2915 851 2957; x_wconf 84' lang='lat' dir='ltr'>Gelasime</span> <span class='ocrx_word' id='word_1_348' title='bbox 885 2915 995 2970; x_wconf 85' lang='lat' dir='ltr'>vide,</span> <span class='ocrx_word' id='word_1_349' title='bbox 1031 2915 1134 2972; x_wconf 92' lang='lat' dir='ltr'>quid</span> <span class='ocrx_word' id='word_1_350' title='bbox 1167 2930 1209 2956; x_wconf 90' lang='lat' dir='ltr'>es</span> <span class='ocrx_word' id='word_1_351' title='bbox 1242 2924 1445 2971; x_wconf 83' lang='lat' dir='ltr'>capturus</span> <span class='ocrx_word' id='word_1_352' title='bbox 1478 2913 1641 2955; x_wconf 89' lang='lat' dir='ltr'>consilii</span> 
     </span>
     <span class='ocr_line' id='line_1_41' title="bbox 117 2984 541 3026; baseline 0 -2"><span class='ocrx_word' id='word_1_353' title='bbox 117 2984 177 3025; x_wconf 91' lang='lat' dir='ltr'>sic</span> <span class='ocrx_word' id='word_1_354' title='bbox 211 2986 541 3026; x_wconf 73' lang='lat' dir='ltr'>contaminavit:</span> 
     </span>
    </p>
   </div>
   <div class='ocr_carea' id='block_1_3' title="bbox 1501 3061 1547 3094">
    <p class='ocr_par' dir='ltr' id='par_1_5' title="bbox 1501 3061 1547 3094">
     <span class='ocr_line' id='line_1_42' title="bbox 1501 3061 1547 3094; baseline 0 -15"><span class='ocrx_word' id='word_1_355' title='bbox 1501 3061 1547 3094; x_wconf 68' lang='lat'>1*</span> 
     </span>
    </p>
   </div>
  </div>
 </body>
</html>
