2068 3358
203 937 350 1007 Liber,
391 957 512 999 cuius
544 965 642 998 ante
681 957 797 998 hunc
837 971 995 998 annum
1030 956 1213 1010 primam
1251 953 1367 996 edidi
1399 960 1580 1009 partem,
1613 968 1728 995 nunc

87 1049 258 1092 demum
299 1049 465 1104 integer
505 1049 549 1089 in
587 1047 806 1103 publicum
848 1047 1011 1103 prodit,
1049 1062 1131 1088 non
1173 1046 1312 1100 qualis
1352 1045 1590 1087 satisfaciat
1629 1058 1721 1085 con>

86 1140 182 1182 silio
214 1154 307 1181 meo
339 1153 389 1180 ac
421 1139 644 1189 voluntati,
677 1139 752 1181 sed
785 1139 924 1195 qualis
957 1154 978 1180 e
1012 1138 1207 1179 manibus
1249 1137 1423 1178 tandem
1463 1135 1725 1178 emittendus

86 1238 180 1272 erat
233 1230 311 1272 etsi
366 1229 556 1271 nondum
606 1230 706 1271 satis
753 1230 990 1285 perpolitus
1045 1236 1385 1284 maturatusque.
1454 1242 1553 1268 nam
1607 1225 1724 1283 quod

87 1320 246 1376 ubique
278 1319 321 1359 in
353 1318 504 1360 litteris
538 1319 650 1359 diem
683 1319 751 1360 die
784 1320 927 1361 doceri
961 1320 1170 1370 videmus,
1209 1319 1252 1361 id
1292 1319 1490 1374 inprimis
1529 1318 1644 1359 valet
1680 1317 1724 1358 in

86 1410 294 1453 eiusmodi
329 1410 667 1466 quaestionibus,
708 1425 817 1465 quae
858 1425 933 1467 per
963 1411 1055 1452 vias
1087 1412 1178 1453 sive
1209 1412 1382 1454 omnino
1415 1426 1549 1452 novas
1579 1411 1671 1452 sive
1700 1424 1728 1450 a

86 1502 237 1558 paucis
275 1508 502 1557 temptatas
543 1500 790 1555 procedant.
852 1501 995 1556 itaque
1041 1516 1137 1543 cum
1181 1502 1339 1558 partim
1385 1502 1440 1544 ob
1485 1511 1726 1557 temporum

86 1593 308 1649 angustias
340 1591 495 1648 partim
528 1591 582 1632 ob
613 1591 909 1633 incredibilem
942 1593 1192 1647 typothetae
1219 1593 1448 1649 segnitiam
1471 1594 1512 1635 in
1536 1594 1724 1650 plagulis

86 1682 382 1740 imprimendis
427 1683 688 1738 permultum
727 1683 930 1738 temporis
973 1691 1317 1734 consumeretur,
1363 1700 1444 1742 ego
1486 1700 1586 1727 vero
1623 1686 1724 1728 huic

86 1774 326 1830 quaestioni
355 1773 602 1816 incumbere
633 1789 869 1828 numquam
893 1774 1146 1830 desinerem,
1180 1791 1262 1818 non
1286 1778 1426 1832 potuit
1449 1793 1531 1819 non
1553 1778 1727 1820 evenire

88 1874 132 1908 ut
153 1865 408 1919 aliquotiens
431 1865 545 1919 quod
568 1865 690 1908 initio
710 1868 893 1908 feceram
918 1866 1124 1908 iudicium
1141 1866 1427 1916 immutarem,
1452 1867 1726 1910 immutatum

86 1972 187 1998 vero
220 1957 406 2012 profiteri
440 1971 523 1997 non
557 1964 784 1999 cunctarer
816 1972 901 1999 non
932 1958 1040 1998 tanti
1073 1958 1234 1999 faciens
1277 1957 1393 2012 quod
1423 1958 1727 2013 disputationis

86 2063 271 2099 cursum,
313 2048 484 2101 qualem
516 2048 556 2088 in
598 2048 723 2103 primi
767 2048 920 2103 capitis
951 2048 1034 2090 fine
1066 2063 1388 2105 proposueram,
1421 2050 1550 2093 anxie
1581 2058 1726 2093 tenere

86 2140 148 2180 ita
178 2153 260 2180 non
293 2138 463 2179 licebat.
510 2138 663 2193 quodsi
686 2139 765 2180 sub
786 2139 914 2181 finem
936 2139 1131 2193 inprimis
1164 2141 1536 2183 commentationis
1558 2141 1724 2196 aliquid

86 2229 341 2270 incommodi
395 2230 603 2279 extiterit,
676 2230 774 2272 boni
831 2230 1056 2272 consulant
1104 2245 1264 2285 quaeso
1311 2231 1488 2273 lectores
1549 2233 1719 2274 veritati

86 2334 153 2361 me
201 2334 282 2360 non
339 2321 572 2361 constantis
619 2321 765 2363 iudicii
814 2321 1008 2363 mendaci
1055 2322 1212 2377 speciei
1258 2322 1474 2365 studuisse
1520 2324 1719 2367 scientes.

85 2410 239 2452 deinde
276 2425 360 2452 non
402 2425 502 2452 casu
544 2426 681 2466 neque
725 2413 997 2469 neglegentia
1037 2414 1199 2455 factum
1241 2420 1305 2455 est
1342 2415 1458 2468 quod
1498 2416 1717 2466 nonnulla,

86 2516 196 2556 quae
228 2501 281 2542 ad
311 2501 423 2543 hanc
455 2503 748 2558 quaestionem
782 2512 989 2558 spectant,
1023 2520 1048 2545 a
1080 2504 1369 2559 disputatione
1400 2506 1578 2549 exclusa
1608 2518 1721 2551 sunt.

87 2592 203 2634 velut
235 2593 347 2645 quod
381 2593 432 2634 de
467 2594 583 2635 hiatu
615 2604 655 2635 et
686 2595 738 2636 de
772 2610 970 2637 versuum
995 2595 1284 2651 discriptionis
1314 2595 1485 2637 diversa
1516 2598 1559 2639 in
1582 2612 1725 2640 recen-

86 2681 276 2724 sionibus
315 2683 563 2726 condicione
612 2687 907 2741 quaestionem
945 2686 1205 2741 peculiarem
1244 2701 1327 2727 non
1374 2693 1461 2728 tam
1501 2688 1725 2732 instituere

86 2786 216 2826 quam
238 2773 278 2812 in
299 2773 519 2828 publicum
542 2775 667 2817 edere
700 2776 830 2826 nolui,
863 2777 958 2818 ideo
990 2777 1084 2827 feci,
1116 2777 1217 2831 quia
1249 2777 1304 2818 ad
1336 2777 1415 2819 has
1447 2779 1718 2835 quaestiones

85 2862 428 2904 intricatissimas
460 2865 709 2908 enodandas
742 2867 821 2908 nisi
856 2866 1124 2908 doctissimos
1156 2882 1351 2924 quosque
1381 2869 1595 2911 neminem
1626 2884 1720 2913 esse

85 2950 285 2992 idoneum
317 2952 527 3003 viderem3
567 2955 785 2997 terrebant
824 2957 938 2998 enim
977 2957 1089 2998 iusta
1123 2958 1391 3000 dubitatione
1424 2960 1589 3002 viribus
1627 2961 1718 3002 suis
