2020 3278
872 129 948 171 113

97 265 251 306 deinde
283 279 438 305 novam
470 278 669 305 scaenam
700 263 770 319 (II
793 265 837 316 3)
868 265 1076 321 incipiunt
1107 264 1162 306 P:

211 332 263 373 Di
294 332 604 384 immortales1)
639 333 909 373 conservavit
944 348 1008 373 me
1043 332 1127 373 illic
1160 332 1286 373 homo
1319 332 1506 373 adventu
1538 347 1626 373 suo.

95 416 223 456 quam
255 414 433 441 scaenae
461 400 774 442 distinctionem
801 415 856 442 ex
872 401 1106 455 exemplari
1131 401 1306 441 histrico
1324 400 1620 456 depromptam
1644 416 1720 441 nec

93 470 182 510 sine
214 467 391 509 consilio
423 468 663 509 institutam
703 483 794 510 esse
836 469 1100 509 demonstrat
1133 477 1174 510 et
1212 469 1359 509 titulus
1399 469 1719 523 antiquissimus

108 538 263 580 Servos
281 536 332 578 Ο(
363 545 401 577 et
434 536 548 590 quod
574 537 617 577 in
650 537 790 577 media
812 536 1018 578 Pseuduli
1041 537 1230 577 oratione
1262 537 1335 577 vix
1360 553 1561 591 umquam
1582 553 1720 593 gram-

93 607 276 648 maticus
315 605 383 646 vel
420 604 618 646 librarius
665 620 818 646 novam
859 619 1057 646 scaenam
1096 620 1273 646 exorsus
1316 612 1438 649 esset.
1506 606 1576 647 hic
1622 621 1719 662 quo-

94 690 176 732 que
215 681 401 716 mutatas
434 673 743 714 modulationes
782 674 966 714 musicas
1007 688 1153 714 ansam
1188 688 1438 715 scaenarum
1480 674 1718 715 discernen-

92 744 243 785 darum
283 742 470 795 dedisse,
525 742 782 798 Spengelius
822 758 874 783 ex
917 742 1087 782 diversa
1133 756 1279 783 earum
1319 742 1458 783 indole
1498 744 1589 784 iure
1627 758 1720 784 con-

94 813 270 854 clusisse
302 811 492 860 videtur,
525 826 706 865 quarum
741 812 780 851 in
802 811 874 851 illa
898 810 1140 851 Pseudulus
1166 810 1419 865 Harpagem
1443 811 1716 852 callidissime

92 881 319 923 defrudare
351 880 505 929 studet,
537 880 579 920 in
614 880 693 920 hac
726 879 908 920 laetatur
939 886 980 920 et
1014 879 1352 934 philosophatur.

205 948 349 990 Huius
372 948 452 989 loci
485 948 700 989 simillima
722 955 819 988 sunt
843 957 885 988 et
916 948 1109 989 condicio
1143 955 1320 989 externa
1347 955 1387 988 et
1419 954 1721 1003 argumentum

91 1032 272 1060 scaenae
294 1016 361 1060 IV
383 1018 407 1059 8
439 1017 570 1073 (1238
593 1019 715 1072 sqq.),
749 1016 822 1057 ubi
855 1023 950 1072 post
972 1016 1180 1057 Ballionis
1213 1017 1376 1058 abitum
1399 1016 1517 1058 Simo
1550 1024 1713 1057 restans

92 1089 153 1129 sic
184 1086 412 1142 gloriatur:

202 1154 321 1196 Bene
352 1169 431 1210 ego
463 1154 583 1194 illum
616 1153 751 1208 tetigi,
788 1152 893 1194 bene
926 1160 1066 1195 autem
1100 1168 1245 1195 servos
1277 1154 1499 1195 inimicum
1531 1169 1671 1195 suum.

89 1239 115 1266 a
145 1237 230 1278 quo
271 1238 397 1264 versu
428 1223 472 1263 in
504 1222 541 1264 P
572 1236 683 1263 nova
725 1236 879 1263 scaena
913 1222 1063 1277 incipit
1097 1223 1221 1264 titulo
1258 1230 1425 1264 vetusto
1465 1223 1546 1264 hoc
1577 1237 1720 1278 super-

90 1292 247 1347 scripto
278 1291 321 1332 in
352 1291 408 1333 C:
442 1290 573 1339 ‚Simo
606 1305 736 1332 senex
769 1289 833 1334 Cf

205 1359 396 1414 Utroque
435 1359 526 1400 loco
558 1358 835 1400 Ambrosiani
869 1368 1098 1411 corrector,
1134 1373 1229 1400 cum
1271 1359 1535 1400 reconditam
1576 1359 1720 1401 distin-

89 1428 246 1484 guendi
279 1428 484 1469 rationem
515 1442 599 1468 non
633 1435 774 1483 posset
806 1428 1061 1483 perspicere,
1099 1443 1276 1469 scaenas
1310 1429 1599 1479 continuavit,
1634 1429 1720 1470 vul-

89 1511 214 1552 gares
248 1497 282 1537 is
305 1496 348 1537 in
382 1511 430 1537 eo
457 1511 626 1537 normas
649 1505 832 1538 secutus.
894 1497 963 1537 cui
986 1504 1031 1538 ut
1061 1496 1352 1551 patrocinetur
1375 1498 1409 1538 si
1435 1497 1530 1553 quis
1561 1496 1718 1539 obiciat

91 1564 387 1606 Palatinorum
427 1565 676 1605 memoriam
713 1565 810 1606 ideo
847 1565 930 1605 fide
969 1565 1144 1620 dignam
1181 1580 1266 1606 non
1307 1580 1419 1615 esse,
1465 1565 1579 1620 quod
1623 1566 1717 1607 aliis

91 1633 194 1674 locis
232 1648 466 1689 sanequam
505 1633 714 1674 similibus
747 1648 928 1675 scaenae
961 1632 1207 1674 disiunctae
1248 1648 1330 1674 non
1373 1640 1471 1674 sunt
1502 1634 1575 1689 (cf.
1608 1648 1642 1677 e.
1675 1649 1716 1689 g.

90 1702 210 1744 Poen.
234 1702 328 1742 917.
363 1701 457 1742 Aul.
479 1701 573 1743 460.
606 1702 715 1741 Men.
745 1701 840 1744 668.
862 1702 957 1743 957.
996 1700 1114 1741 1039.
1155 1701 1265 1743 me.
1292 1703 1404 1754 758),
1438 1717 1533 1743 eum
1567 1704 1720 1744 iterum

91 1783 245 1810 revoco
276 1768 331 1809 ad
355 1783 417 1818 ea,
441 1783 551 1825 quae
575 1769 626 1809 de
650 1769 857 1824 singulari
880 1769 922 1809 in
945 1769 1010 1809 his
1034 1768 1160 1810 rebus
1190 1770 1456 1825 singularum
1478 1770 1721 1813 fabularum

42 1839 45 1843 ’
91 1837 343 1878 condicione
383 1852 513 1892 supra
559 1837 661 1879 dixi.
723 1838 971 1879 correctoris
1019 1847 1161 1878 autem
1207 1838 1486 1880 Ambrosiani
1534 1855 1717 1896 operam,

90 1921 200 1960 quae
233 1907 275 1947 in
307 1905 425 1947 nulla
447 1905 622 1960 perinde
653 1915 782 1962 atque
814 1907 855 1946 in
878 1906 1098 1948 Pseudulo
1120 1907 1267 1949 fabula
1289 1917 1481 1963 apparet,
1515 1909 1716 1964 detegere

92 1975 324 2031 pergimus

207 2044 355 2084 Pseud.
378 2042 400 2083 I
425 2042 463 2085 3.
523 2041 625 2083 Post
649 2042 856 2084 Ballionis
881 2044 1094 2086 canticum
1126 2045 1237 2085 servi
1268 2046 1612 2100 meretricesque,
1646 2046 1718 2100 qui

93 2120 306 2154 mutarum
352 2126 631 2166 personarum
673 2113 764 2152 vice
806 2113 941 2153 functi
973 2120 1091 2162 sunt,
1144 2128 1298 2154 scaena
1338 2113 1570 2163 decedunt,
1610 2113 1720 2155 Gali-

93 2181 220 2223 dorus
255 2187 297 2220 et
318 2179 572 2232 Pseudulus,
607 2180 680 2233 qui
712 2180 753 2219 in
786 2195 935 2221 aversa
968 2195 1148 2222 scaenae
1178 2189 1299 2236 parte
1330 2190 1489 2222 stantes
1511 2181 1720 2223 Ballionis

90 2249 284 2291 convicia
316 2248 582 2297 audiverant,
616 2248 842 2302 prodeunt,
875 2264 898 2289 a
922 2256 1055 2290 metro
1079 2249 1296 2290 trochaico
1320 2249 1374 2290 ad
1399 2251 1718 2305 anapaesticum

90 2328 215 2373 poeta
246 2318 417 2366 transit3
450 2316 522 2357 ubi
555 2330 734 2358 scaenae
767 2332 903 2358 novae
938 2319 1105 2359 initium
1137 2319 1179 2359 in
1211 2318 1248 2359 P
1280 2318 1497 2373 aptissime
1537 2319 1718 2361 indicari

91 2400 214 2428 nemo
252 2385 492 2441 negaverit3
535 2385 668 2425 nihilo
706 2386 844 2426 minus
886 2386 1162 2428 Ambrosiani
1210 2393 1424 2427 corrector
1463 2401 1716 2428 scaenarum

91 2454 406 2496 distinctionem
437 2468 519 2494 non
552 2453 736 2494 admisit.

204 2523 256 2563 In
288 2523 483 2563 Pseudulz·
513 2537 668 2563 scaena
700 2521 766 2565 IV
789 2524 815 2564 ὃ
846 2531 1071 2578 postquam
1100 2523 1241 2566 Ballio
1274 2524 1383 2565 dixit

294 2589 422 2631 Nunc
454 2605 533 2645 ego
563 2590 783 2632 Simonem
816 2591 873 2631 mi
905 2591 1077 2633 obviam
1110 2593 1253 2633 veniat
1285 2593 1411 2633 velim

90 2658 208 2701 Simo
224 2658 268 2699 in
285 2672 484 2699 scaenam
501 2658 653 2713 prodit.
687 2674 711 2699 a
730 2660 848 2700 cuius
866 2660 1014 2714 primis
1032 2661 1174 2702 verbis
1185 2661 1267 2702 BD
1285 2676 1339 2702 ex
1351 2670 1494 2702 vetere
1513 2661 1717 2701 memoria

91 2742 246 2768 novam
282 2741 481 2768 scaenam
516 2726 727 2781 incipiunt
765 2727 888 2767 titulo
934 2729 976 2768 in
1022 2727 1061 2768 Β
1099 2731 1159 2769 sic
1190 2729 1480 2784 superscripto
1510 2728 1568 2781 ,S.
1602 2728 1718 2770 Simo

91 2795 246 2838 Senex.
265 2794 316 2835 Ε.
333 2794 500 2836 Eidem.
527 2794 646 2843 DV‘3
669 2809 721 2835 ex
744 2810 827 2849 quo
845 2810 941 2836 cum
967 2810 1219 2837 scaenarum
1237 2797 1496 2838 distinctioni
1519 2796 1718 2851 gravissi-

209 2944 234 2985 ι)
258 2942 320 2976 Ad
336 2942 436 2985 quod
452 2942 604 2975 initium
622 2941 667 2975 cf.
686 2942 795 2975 initia
812 2954 1027 2977 scaenarum
1045 2945 1122 2977 Aul.
1141 2942 1201 2977 [H
1217 2947 1238 2978 4
1254 2944 1358 2987 (460).
1380 2944 1479 2988 Capt.
1498 2943 1554 2977 TV
1573 2944 1593 2975 3
1609 2944 1713 2987 (901).

1451 3013 1472 3046 8
