2020 3278
859 122 912 164 79

72 262 211 305 labem
244 261 440 310 traxisse,
473 261 595 302 cuius
627 259 784 301 indicio
816 273 896 314 ego
929 259 1067 301 habeo
1098 257 1263 297 hiatum
1295 256 1433 296 vidisti
1468 257 1536 304 ica,
1571 270 1696 312 quem

74 345 174 373 sane
207 330 490 384 Niemeyerus
522 344 559 384 p.
592 330 616 371 8
649 343 673 369 a
704 334 942 369 correctore
974 324 1297 381 comprobatum
1330 338 1422 365 esse
1453 323 1570 364 dicit.

186 398 422 454 Aptissime
454 397 721 439 subnectitur
753 411 791 436 V.
824 396 972 436 Pseud.
1010 393 1118 436 1142

129 465 206 508 As:
222 468 256 522 ²)
289 466 405 519 Quid
438 467 506 507 ia.
528 500 536 508 .
585 465 626 517 Q
644 495 962 508 ............
1003 477 1090 503 sus
1127 463 1299 516 ipsum
1342 475 1545 517 praesens
1583 475 1700 516 prae-

889 539 1052 573 sentem
1083 529 1206 572 vides

200 603 251 644 P:
286 602 402 655 Quid
432 602 546 644 iam?
567 603 583 658 Η
607 600 720 653 Quia
749 608 800 642 te
835 601 980 656 ipsus
1003 613 1183 641 coram
1206 612 1409 654 praesens
1434 603 1702 653 praesentem

888 668 1022 710 vides.

73 747 109 780 te
147 753 319 796 prorsus
358 738 527 793 vulgari
550 737 705 779 calami
736 737 858 793 lapsu
897 752 952 778 ex
989 744 1068 777 tute
1093 742 1341 791 corruptum
1366 748 1472 785 esse,
1499 732 1703 789 Umpfen-

74 807 252 850 bachius
292 807 419 859 vidit3
469 806 521 847 cf.
563 822 598 848 e.
637 821 678 861 g.
718 806 839 847 Poen.
874 821 996 862 supp.
1032 806 1084 846 10
1129 811 1208 844 tute
1241 804 1321 858 ipse
1351 801 1418 853 A,
1467 809 1510 841 tu
1547 803 1630 857 ipse
1667 800 1704 842 P

75 877 166 918 sine
204 884 349 917 metro.
412 889 465 916 ex
510 874 789 916 Ambrosiani
826 874 1018 929 reliquiis
1057 872 1200 929 prodit
1246 873 1355 927 ipsus
1391 872 1542 926 ipsum,
1589 869 1704 911 unde

77 944 367 1000 colligendum
400 952 483 996 est,
536 951 609 985 aut
648 945 779 999 ipsum
810 943 853 983 in
894 943 925 983 P
966 949 1065 998 post
1100 943 1209 997 ipsus
1246 939 1514 981 intercidisse
1546 946 1586 980 et
1618 953 1706 980 cor-

76 1022 285 1055 rectorem
333 1013 457 1053 metri
488 1013 629 1067 gratia
669 1011 867 1053 voculam
905 1026 1040 1051 coram
1080 1009 1328 1061 inseruisse,
1376 1014 1449 1048 aut
1486 1022 1620 1047 coram
1651 1006 1706 1048 ad

72 1096 259 1137 praesens
305 1081 404 1122 olim
449 1080 713 1136 adscriptum
756 1081 798 1121 in
835 1095 1005 1121 versum
1047 1077 1290 1134 irrepsisse,
1338 1076 1458 1116 cuius
1497 1084 1631 1117 metro
1664 1081 1708 1117 ut

77 1157 344 1192 succurreret
365 1156 591 1201 corrector,
615 1150 746 1204 ipsum
778 1148 964 1189 eiecerit.
1025 1145 1237 1203 quomodo
1260 1144 1536 1186 Ambrosiani
1557 1160 1707 1186 versus

78 1217 399 1260 constituendus
440 1219 509 1270 sit,
551 1218 759 1258 incertum
804 1223 878 1258 est.
940 1230 1040 1257 nam
1083 1213 1197 1271 quod
1233 1212 1441 1254 Luchsius
1474 1213 1707 1255 secundum

80 1287 203 1329 Stich.
237 1288 319 1330 373
352 1290 553 1343 proponit
593 1285 722 1338 ,Quia
752 1294 798 1327 tu
830 1300 926 1326 eum
967 1285 1084 1340 ipsus
1115 1284 1271 1338 ipsum‘
1313 1297 1349 1322 e.
1383 1297 1422 1337 q.
1456 1297 1501 1335 s.,
1535 1282 1709 1337 probari

79 1357 244 1412 nequit,
299 1364 526 1411 postquam
562 1354 902 1396 Ambrosianum
948 1353 1019 1394 illo
1071 1366 1199 1393 versu
1249 1352 1351 1390 tutin
1397 1350 1601 1392 exhibere
1640 1366 1710 1392 ex-

80 1424 292 1481 ploratum
341 1431 417 1465 est.
493 1422 681 1479 exempli
726 1423 869 1478 gratia
914 1420 1231 1478 proposuerim:
1280 1419 1409 1472 ,Quia
1456 1426 1544 1461 tute
1591 1421 1710 1476 ipsus

79 1495 248 1550 ipsum‘,
294 1492 378 1545 vel,
426 1493 661 1548 spatiorum
708 1491 872 1533 ratione
919 1504 1047 1546 quam
1091 1489 1419 1545 diligentissime
1467 1489 1710 1532 observata:

79 1561 210 1615 ,Quia
241 1562 354 1602 enim
385 1567 430 1602 tu
461 1562 579 1617 ipsus
610 1561 750 1617 ipsum
781 1573 984 1616 praesens
1007 1566 1280 1614 praesentem
1312 1558 1464 1599 vides‘.
1525 1559 1600 1600 sed
1632 1559 1711 1601 hoc

80 1630 256 1673 videant
287 1627 599 1685 εὖστοχώτεροι.

193 1700 317 1740 Mero.
350 1698 446 1742 300.
477 1699 558 1740 301

136 1769 197 1810 A:
229 1767 419 1826 Ben[est.
441 1767 458 1824 ΙΙ
481 1767 637 1809 malam
668 1765 772 1824 rem]
807 1765 941 1807 deico.
965 1765 981 1822 Η
1003 1765 1089 1806 iam
1120 1764 1232 1806 istuc
1263 1779 1351 1806 non
1383 1763 1586 1806 benest.

228 1837 244 1892 ΙΙ
274 1836 360 1879 Sed
393 1837 585 1878 ausimne
617 1850 697 1891 ego
729 1834 806 1876 tibi
838 1834 980 1890 eloqui
1011 1831 1287 1874 fideliter?

138 1905 189 1947 P:
222 1905 339 1947 Bene
372 1913 446 1947 est.
469 1906 479 1960 Η
502 1904 657 1946 malam
688 1919 776 1946 rem
811 1903 919 1945 dico.
942 1904 951 1951 ll
974 1903 1058 1944 iam
1091 1903 1200 1943 istuc
1232 1915 1314 1942 non
1346 1900 1535 1942 bonum
1568 1910 1664 1945 est.

230 1974 246 2031 ΙΙ
274 1974 362 2017 Sed
395 1975 588 2015 ausimne
619 1988 699 2028 ego
730 1972 808 2014 tibi
840 1971 994 2027 eloqui,
1028 1971 1070 2012 si
1103 1970 1229 2027 quid
1262 1969 1452 2011 velim?

83 2043 157 2085 vix
208 2042 452 2099 exemplum
503 2042 742 2091 inveneris,
795 2055 878 2096 quo
934 2038 1163 2080 dilucidius
1215 2046 1442 2095 appareat,
1501 2038 1713 2094 quomodo

83 2126 232 2154 versus
280 2111 450 2152 mutilos
495 2110 769 2166 grammatici
821 2107 1022 2164 supplere
1076 2106 1329 2147 studuerint.
1410 2121 1510 2148 nam
1559 2107 1714 2163 prioris

84 2195 233 2222 versus
269 2179 397 2221 finem
436 2193 635 2220 mancum
674 2185 887 2219 corrector
926 2191 981 2217 ex
1020 2175 1372 2217 antecedentibus
1403 2175 1547 2217 verbis
1589 2175 1714 2217 facile

85 2248 318 2305 supplevit,
367 2255 530 2289 mutata
566 2255 710 2289 tamen
758 2247 800 2287 in
834 2244 1058 2300 vulgarem
1105 2244 1277 2285 modum
1317 2243 1554 2285 elocutione
1587 2244 1715 2285 inusi-

85 2318 237 2359 tatiore
270 2317 416 2370 bene-sm
451 2318 494 2357 in
526 2316 659 2358 altero
691 2330 793 2357 vero
826 2314 901 2356 tali
933 2313 1178 2355 adiumento
1211 2312 1437 2354 destitutus
1469 2328 1545 2354 suo
1577 2312 1714 2354 Marte

86 2385 140 2426 ad
178 2386 485 2428 restituendum
525 2401 697 2427 versum
729 2384 912 2426 accessit
949 2383 1053 2423 scite
1093 2381 1286 2437 profecto
1334 2380 1560 2423 observato
1599 2396 1715 2423 more

86 2454 297 2496 Plautino.

200 2523 360 2565 Versus
394 2524 478 2566 300
516 2523 698 2564 aliorum
737 2519 1005 2577 quorundam
1042 2534 1109 2560 me
1141 2526 1301 2572 monet,
1343 2519 1416 2574 qui
1455 2518 1715 2559 simillimam

89 2593 279 2647 perpessi
311 2599 409 2632 sunt
440 2592 761 2633 correctionem.
807 2605 905 2632 nam
939 2605 1036 2631 cum
1067 2590 1219 2630 Bacch.
1251 2589 1333 2630 502
1367 2586 1623 2628 Ritschelius

330 2659 455 2701 Illum
488 2659 709 2716 exoptavit
740 2658 913 2715 potius?
946 2657 1119 2699 habeat:
1154 2663 1474 2712 optumumst

89 2743 184 2768 cum
234 2729 273 2769 A
323 2729 561 2784 scripserit,
622 2728 654 2768 P
701 2742 802 2768 vero
856 2734 1047 2782 optume-st
1091 2725 1340 2777 exhibeant,
1392 2739 1505 2764 nunc
1562 2722 1715 2764 collato

91 2796 212 2836 Merv.
239 2795 322 2837 300
351 2797 648 2851 cognoscimus
681 2795 797 2837 illam
830 2796 971 2851 potius
1003 2794 1259 2850 scripturam
1291 2792 1520 2834 correctori
1551 2790 1712 2844 deberi,

208 2947 230 2986 ¹)
256 2943 299 2976 cf.
328 2943 450 2977 Luchs
478 2943 592 2976 Herm.
625 2942 676 2975 VI
702 2954 735 2986 p.
753 2943 828 2977 276.
