2020 3278
818 211 871 249 69

27 348 146 397 feret,
195 346 334 400 Quam
367 346 399 386 si
434 345 487 386 ad
519 345 764 400 sepulcrum
788 355 952 388 mortuo
986 346 1095 387 dixit
1126 347 1277 402 logos‘‚
1316 347 1377 388 sic
1399 347 1657 391 Ritschelius

27 415 195 470 scripsit
244 415 459 469 profectus
509 413 561 455 ab
606 414 920 465 Ambrosiano,
969 416 1041 470 qui
1080 416 1226 457 ‹lia-eru
1268 415 1455 471 praebet.
1509 424 1553 457 at
1584 417 1656 471 qui

34 484 139 524 Trin.
171 482 267 524 409.
299 482 383 523 410

194 561 295 603 Non
326 561 467 603 hercle
499 562 637 603 minus
670 561 839 603 divorse
870 562 1121 604 distrahitur
1151 563 1233 605 cito

194 641 336 696 Quam
368 642 401 683 si
434 648 476 683 tu
510 641 715 683 obicias
745 642 935 683 formicis
966 657 1227 697 papaverem

24 710 268 759 contulerit,
316 709 611 751 Palatinorum
661 710 908 751 memoriam
957 712 1066 751 dicat
1110 711 1321 753 immerito
1366 720 1655 768 contemptam

24 793 114 820 esse
156 777 373 819 concedet.
435 777 751 819 Ambrosianae
798 784 940 819 autem
986 779 1244 820 recensionis
1283 788 1431 822 auctor
1475 780 1654 823 verbum

25 855 180 888 mortuo
211 861 285 902 per
317 846 530 902 synizesin
562 846 604 886 in
636 846 743 887 duas
776 845 966 901 syllabas
999 847 1262 889 contraxisse
1295 848 1474 890 videtur.

134 926 283 968 Bacch.
315 926 396 968 953
443 926 498 968 P:
546 913 641 979 ‚1‘110
673 926 754 967 tria
785 928 916 967 fuisse
951 926 1099 968 audivi
1136 927 1239 976 fata,
1281 942 1391 982 quae
1422 927 1483 969 ini
1514 928 1654 970 starent

21 993 185 1047 exitio‘3
214 995 324 1046 fuere
340 995 394 1036 A.
433 995 747 1037 Ambrosianus
765 1010 991 1051 perperam
1017 996 1070 1037 ab
1098 995 1330 1037 editoribus
1349 995 1553 1051 probatus
1570 1006 1652 1050 est3

21 1063 129 1104 male
155 1062 266 1104 enim
299 1072 451 1104 coeunt
478 1078 572 1104 eum
591 1065 909 1120 perfeetofuere
941 1079 991 1106 ea
1022 1079 1132 1119 quae
1164 1074 1400 1119 sequuntur
1432 1067 1590 1121 siyuum
1621 1069 1656 1107 si

17 1133 190 1188 perisset,
234 1146 351 1186 quom
384 1132 502 1172 limen
532 1134 786 1179 scinderetur,
828 1132 870 1172 id
903 1132 1017 1186 quod
1049 1133 1236 1175 dilucide
1269 1143 1570 1190 cognoscetur,
1618 1135 1652 1176 si

20 1199 230 1240 sententia
261 1199 316 1239 ad
348 1199 586 1255 simplicem
627 1202 809 1243 formam
843 1201 1017 1242 redacta
1054 1201 1152 1251 erit,
1193 1217 1302 1258 quae
1335 1204 1373 1243 A
1406 1202 1513 1244 duce
1547 1203 1653 1244 haec

20 1276 100 1309 est:
132 1268 228 1318 ‚Ilio
250 1268 395 1310 audivi
419 1269 550 1310 exitio
572 1270 677 1311 fuis
692 1284 742 1310 se
765 1269 799 1310 si
818 1271 1012 1325 perisset,
1035 1285 1163 1326 quom
1186 1270 1480 1312 scinderetur.6
1528 1271 1652 1314 unice

19 1344 162 1378 autem
185 1344 285 1392 apta
309 1345 371 1378 est
396 1352 526 1391 quam
551 1337 588 1378 Ρ
606 1337 812 1393 praebent
834 1338 1059 1379 sententia:
1087 1338 1247 1389 ,audivi
1268 1338 1351 1380 Ilio
1374 1339 1505 1381 exitio
1527 1341 1651 1390 fore,

19 1405 52 1447 si
84 1405 282 1461 perisset,
314 1420 442 1460 quom
475 1406 766 1448 scinderetur.‘
826 1407 1028 1460 quocirca
1067 1422 1164 1448 cum
1205 1406 1435 1464 Spengelio
1468 1409 1652 1464 Reform-

21 1475 176 1515 rorschl.
200 1490 239 1530 p.
263 1474 366 1530 345)
398 1474 620 1516 Palatinos
654 1474 940 1529 probaverim,
973 1489 1236 1529 quamquam
1277 1475 1488 1517 dubitatio
1529 1477 1650 1518 relin-

19 1542 176 1599 quitur,
209 1543 321 1596 quod
348 1544 557 1599 correptio
582 1545 700 1584 vocis
728 1542 858 1592 ϊόνέηὲ
883 1543 952 1585 hic
975 1551 1140 1585 tantum
1173 1544 1215 1584 in
1240 1544 1397 1586 Plauto
1423 1545 1652 1587 invenitur.

132 1621 201 1662 Ad
248 1622 331 1663 alia
377 1637 537 1678 genera
584 1623 842 1664 recensionis
888 1626 1196 1680 grammaticae
1236 1625 1280 1665 in
1325 1626 1364 1666 A
1411 1627 1548 1668 factae
1580 1642 1650 1682 ag-

19 1704 243 1746 gressurus
298 1691 483 1746 primum
540 1693 580 1732 in
639 1691 872 1746 legentium
920 1693 1082 1734 animos
1136 1693 1368 1744 revocabo,
1430 1710 1536 1749 quas
1582 1710 1651 1737 no-

17 1759 147 1800 vandi
187 1760 373 1802 rationes
407 1760 547 1801 adhuc
591 1761 930 1816 cognoverimus.
992 1771 1119 1816 atque
1152 1761 1287 1803 tribus
1327 1763 1500 1819 quidem
1547 1764 1650 1805 loeis

17 1827 151 1882 (Tr-in.
185 1827 282 1869 328.
317 1828 413 1869 361.
448 1828 566 1883 364.)
599 1829 784 1870 vidimus
818 1832 931 1878 nevis.
973 1832 1116 1878 nevolt,
1158 1832 1332 1873 nemulta
1369 1842 1543 1882 remota,
1576 1849 1651 1874 non

20 1897 84 1942 vis,
118 1911 193 1937 non
227 1897 314 1944 volt,
350 1912 424 1937 non
458 1898 584 1938 multa
615 1897 845 1939 substituta
869 1912 971 1939 esse.
1034 1898 1188 1940 deinde
1212 1916 1299 1948 non,
1333 1900 1447 1954 quod
1468 1900 1650 1944 Plautus

18 1964 133 2006 vocis
166 1979 292 2006 nonne
332 1965 424 2007 vice
455 1965 652 2016 adhibet,
694 1966 829 2007 tribus
868 1967 969 2007 locis
1010 1968 1264 2011 coniecturis
1305 1969 1532 2024 expulsum
1565 1980 1648 2020 est3

17 2047 93 2074 nec
144 2048 224 2073 non
279 2041 519 2075 structurae
571 2034 850 2076 correlativae
910 2051 1039 2091 quam
1087 2051 1290 2079 vocamus
1336 2038 1642 2094 proprietatem

16 2099 142 2142 huius
203 2103 460 2144 recensionis
515 2111 664 2144 auctor
713 2103 883 2144 sustulit
929 2105 1055 2160 Epid.
1094 2106 1188 2147 606.
1270 2105 1358 2147 Cas.
1398 2106 1473 2148 III
1504 2107 1543 2157 6,
1583 2107 1647 2149 18.

25 2169 136 2212 Truc.
187 2170 279 2213 184.
334 2172 480 2212 Pseud.
523 2172 620 2213 404.
653 2198 708 2202 —-
757 2171 881 2213 Stich.
924 2172 1008 2212 624
1055 2182 1093 2214 et
1126 2174 1244 2217 splost.
1286 2174 1368 2216 793
1415 2175 1468 2215 ad
1523 2175 1647 2217 inter-

16 2237 278 2292 rogationes,
319 2254 429 2292 quae
471 2239 670 2280 dicuntur
710 2239 943 2295 ellipticae‚
982 2241 1114 2282 verba
1156 2242 1303 2283 addita
1334 2251 1443 2287 sunt.
1506 2244 1646 2286 verbis

16 2305 214 2348 obsoletis
270 2307 384 2348 velut
431 2316 546 2362 yutta
600 2310 737 2349 consili
784 2310 952 2364 (Pseud.
986 2310 1111 2363 397),
1160 2313 1308 2352 vetulus
1359 2313 1500 2367 (lvere.
1533 2313 1647 2369 314),

16 2375 178 2416 columis
214 2376 345 2428 (Trite.
380 2375 499 2432 743),
544 2378 758 2433 §ruphinus
795 2379 957 2432 (Pseud.
993 2379 1112 2432 700),
1153 2380 1224 2421 sub
1263 2382 1334 2421 (liu
1375 2381 1513 2436 (splost.
1546 2382 1648 2437 765)

17 2442 211 2499 vulgaria
251 2443 355 2485 haec
404 2447 617 2500 quicquam
657 2447 804 2493 consili,
837 2447 980 2502 plane.
1022 2448 1245 2496 incolumis,
1287 2451 1423 2497 scitus,
1469 2451 1539 2490 sub
1571 2452 1648 2492 sole

17 2510 260 2562 substituta,
292 2527 369 2569 pro
400 2513 631 2555 rarioribus
663 2514 920 2555 dictionibus
947 2515 1185 2556 usitatiores
1217 2516 1381 2571 positae
1412 2525 1508 2558 sunt
1531 2518 1647 2560 velut

22 2579 134 2620 Trete.
168 2580 250 2621 246
281 2581 435 2622 habitat
464 2597 541 2638 pro
570 2583 699 2633 habet,
729 2583 841 2624 Tmo.
873 2583 952 2624 261
989 2586 1028 2625 in
1067 2592 1199 2625 nostra
1231 2586 1347 2626 domo
1385 2600 1463 2640 pro
1494 2594 1648 2628 nostrae

18 2648 138 2689 domi.
202 2647 269 2690 his
293 2649 501 2693 accedunt

131 2728 277 2769 Pseud.
311 2729 391 2770 185
424 2729 538 2783 (leno
568 2730 811 2772 meretrices
843 2730 1114 2787 alloquitur:)

129 2807 172 2849 N
176 2822 259 2850 unc
305 2809 411 2851 adeo
465 2810 546 2852 hoc
590 2811 747 2852 factust
785 2817 1029 2865 optumum,
1079 2819 1125 2852 ut
1170 2812 1340 2854 nomine
1388 2828 1571 2869 quemq
1586 2827 1645 2855 ue

831 2879 1041 2935 appellem
1074 2895 1149 2922 suo

16 2941 60 2983 A
82 2959 292 3000 quamque.
325 2943 524 2988 Loewius
549 2947 692 3000 (Aucti.
714 2948 851 2988 Plane.
875 2964 914 3004 p.
943 2948 1062 3004 164):
1082 2949 1210 3005 ,quod
1233 2964 1484 3004 quamque
1507 2950 1642 2991 codex

18 3010 204 3061 exhibet,
227 3011 503 3056 tribuendum
526 3021 590 3055 est
610 3014 683 3067 illi,
708 3015 781 3070 qui
798 3016 1009 3059 recentius
1031 3031 1168 3073 genus
1190 3016 1360 3059 dicendi
1381 3018 1424 3058 in
1441 3017 1644 3060 Plautum
