2020 3278
1089 144 1143 182 (52

303 280 516 320 recensuit
569 287 751 320 metrum
807 278 937 320 inlato
982 279 1082 319 mihi
1127 278 1209 319 iam
1251 278 1291 318 in
1331 279 1564 334 archetypo
1609 279 1931 334 pessumdatum

304 347 444 388 deleto
476 348 550 387 tibi
580 347 850 388 restauravit.

416 427 505 467 Mil.
537 427 637 482 ylor.
672 427 751 467 747

355 506 419 547 A:
452 505 497 547 Si
531 505 612 546 illis
645 507 712 561 (se.
744 506 898 561 servis)
931 514 1112 559 aegrest,
1144 505 1247 545 mihi
1280 504 1323 545 id
1346 504 1405 560 (Ρ)
1423 504 1538 558 quod
1565 504 1693 559 volup
1720 510 1805 554 est,
1838 504 1931 546 meo

1322 573 1544 627 remigio
1576 587 1679 614 rem
1717 580 1912 627 gerunt

300 653 355 694 P:
404 667 524 702 ‚meo
565 668 666 694 rem
709 653 932 708 remigio
972 667 1079 693 rem
1119 654 1268 708 gero‘.
1315 650 1577 694 Ritsehelius
1617 652 1931 694 Ambrosianae

302 722 530 763 memoriae
571 721 746 777 ignarus
779 722 912 763 eiecto
944 723 1077 763 altero
1114 737 1196 762 rem
1234 719 1479 770 Palatinos,
1520 720 1787 762 Ribbeekius
1825 720 1928 762 Am-

302 789 545 831 brosianum
583 796 755 831 secutus
787 798 869 840 est;
907 805 956 832 ac
990 790 1116 830 vertit
1154 790 1223 830 hic
1263 789 1457 843 quidem:
1509 804 1645 839 ‚wenn
1678 789 1738 830 sie
1771 795 1926 844 argert,

300 874 386 900 was
430 859 510 900 mir
555 858 817 914 Vergniigen
860 858 1015 908 macht,
1068 857 1223 899 rudern
1274 857 1384 898 nach
1436 858 1617 898 meinem
1666 858 1820 898 Steuer
1872 857 1932 898 sie

299 927 437 969 doch.‘
508 927 588 968 hae
620 927 833 977 versione,
891 927 944 967 ad
979 942 1106 983 quam
1139 925 1301 967 Klotzii
1349 926 1593 967 coniectura
1637 940 1722 966 meo
1766 927 1933 981 remiyio

300 997 451 1051 remiyo
481 996 637 1052 (annal.
670 996 770 1052 phil.
804 994 967 1036 LXXI
1001 1010 1040 1050 p.
1074 994 1176 1050 203)
1216 994 1427 1035 adductus
1461 994 1631 1035 videtur
1665 1008 1778 1046 esse,
1826 992 1930 1034 diffi-

299 1064 437 1106 cultas
470 1079 551 1105 non
585 1070 670 1104 tam
710 1063 907 1113 solvitur,
954 1078 1083 1117 quam
1125 1062 1391 1105 obscuratur.
1453 1062 1584 1103 verba
1628 1062 1739 1103 enim
1773 1061 1930 1103 tradita

298 1133 333 1173 si
372 1132 597 1189 diligenter
628 1132 962 1188 perpendemus,
1005 1147 1088 1172 rem
1117 1139 1258 1186 yerunt
1292 1132 1528 1172 sententiae
1561 1130 1676 1171 nullo
1710 1129 1834 1172 modo
1865 1144 1930 1170 ae-

296 1201 610 1242 commodatum
640 1207 721 1250 est3
754 1216 854 1241 nam
887 1201 976 1240 sive
999 1200 1128 1240 vertis
1161 1199 1327 1249 ‚fiihren
1361 1199 1420 1240 sie
1463 1199 1572 1240 doeh
1605 1198 1716 1239 nach
1749 1198 1931 1239 meinem

297 1269 451 1310 Befehl
483 1269 550 1310 die
573 1269 713 1311 Saehe
746 1270 822 1324 (se.
857 1284 966 1323 quae
999 1268 1081 1309 illis
1104 1269 1291 1324 aegrest)
1323 1275 1413 1309 aus‘
1446 1267 1534 1308 sive
1566 1267 1703 1308 mavis
1736 1266 1928 1317 ‚erftillen

297 1338 358 1379 sie
381 1337 490 1379 doch
524 1338 632 1378 nach
658 1337 840 1378 meinem
876 1337 1030 1378 Befehl
1062 1336 1153 1378 ihre
1179 1335 1566 1392 Obliegenheiten‘‚
1599 1336 1826 1390 utrobique
1850 1336 1929 1377 hac

300 1407 511 1463 scriptura
543 1406 753 1446 sententia
786 1407 1047 1460 insequentis
1083 1419 1230 1446 versus
1262 1406 1320 1445 ita
1353 1405 1626 1461 anticipatur,
1667 1412 1713 1446 ut
1744 1404 1786 1445 in
1819 1411 1930 1446 utro-

301 1490 384 1530 que
425 1489 552 1515 versu
580 1475 668 1514 fere
714 1473 827 1514 idem
877 1474 1064 1523 dicatur,
1118 1474 1231 1528 quod
1282 1473 1467 1514 breviter
1517 1473 1581 1514 his
1631 1473 1771 1514 verbis
1822 1488 1931 1514 com-

298 1543 563 1599 prehendere
595 1542 711 1583 lieet:
747 1543 913 1584 etiamsi
944 1542 993 1583 iis
1027 1542 1188 1598 aliquid
1212 1542 1437 1583 molestum
1470 1552 1544 1592 est,
1578 1551 1719 1583 tamen
1753 1541 1929 1596 obsequi

299 1612 468 1654 debent.
544 1622 691 1652 contra
732 1620 832 1666 apto
879 1610 1026 1652 ordine
1066 1611 1303 1666 procedunt
1342 1611 1599 1660 sententiae,
1637 1611 1681 1665 ‚si
1714 1610 1930 1652 Palatinos

297 1681 516 1722 audimus:
549 1681 584 1721 si
616 1679 699 1720 illis
730 1694 856 1735 aegre
879 1688 954 1728 est,
980 1679 1095 1733 quod
1127 1679 1230 1720 mih1
1256 1680 1385 1735 volup
1418 1687 1500 1730 est,
1535 1679 1639 1720 nihil
1684 1694 1843 1729 moror3
1876 1693 1929 1720 ex

296 1765 389 1791 meo
420 1749 597 1791 arbitrio
628 1763 718 1790 rem
744 1763 882 1788 meam
914 1763 1016 1804 rego
1049 1758 1089 1789 et
1113 1755 1267 1798 tracto,
1309 1749 1511 1802 quocirca
1549 1763 1695 1789 servos
1730 1747 1927 1802 quamvis

298 1818 454 1859 invitos
502 1831 799 1874 quaecumque
838 1817 1038 1858 iubentur
1088 1818 1254 1858 efficere
1294 1832 1412 1873 cogo.
1482 1825 1578 1874 apte
1617 1816 1794 1858 Brixius
1827 1816 1929 1857 citat

298 1886 449 1927 Bacch.
475 1885 576 1926 752:
610 1885 722 1935 ‚Mea
752 1885 910 1926 fiducia
941 1900 1048 1940 opus
1080 1885 1266 1925 conduxi
1300 1894 1339 1926 et
1368 1900 1461 1926 meo
1495 1885 1653 1942 periclo
1679 1900 1768 1926 rem
1798 1891 1929 1940 gero.‘

411 1966 502 2007 Mil.
534 1966 634 2020 ylor.
669 1965 777 2006 1142
828 1964 969 2006 Nimis
999 1966 1135 2006 facete
1168 1965 1378 2019 nimisque
1408 1966 1593 2007 facunde
1626 1965 1790 2006 malast.

498 2044 558 2087 Ut
589 2044 729 2100 lepide
761 2044 1060 2086 deruncinavit
1090 2044 1280 2086 militem.
1313 2046 1322 2100 {l
1353 2052 1396 2086 at
1428 2045 1555 2086 etiam
1588 2060 1780 2102 parum.

413 2124 474 2166 sic
493 2124 550 2178 P;
574 2132 632 2175 ,at
653 2125 782 2166 etiam
800 2124 970 2181 rogas‘?‘
987 2124 1333 2166 A.Ambrosiani
1351 2124 1607 2180 scripturam
1625 2139 1709 2166 non
1727 2124 1845 2166 casui
1863 2124 1930 2166 de-

297 2193 387 2235 beri
406 2200 493 2235 tam
510 2200 674 2235 eertum
691 2201 766 2244 est,
785 2208 914 2250 quam
934 2208 958 2234 a
975 2193 1131 2234 Plauto
1148 2207 1241 2234 eam
1258 2194 1494 2248 profectam
1511 2207 1594 2234 non
1613 2208 1928 2250 essequaeren-

298 2262 410 2304 tibus
430 2269 571 2304 autem
594 2277 678 2317 quo
701 2262 876 2304 consilio
896 2270 996 2303 nata
1018 2263 1085 2311 sit,
1102 2261 1396 2316 responderim
1418 2276 1513 2302 cum
1534 2262 1792 2303 verecundia
1815 2277 1927 2313 sane,

299 2340 579 2373 correctorem
611 2331 742 2373 verba
773 2339 816 2372 ut
838 2332 966 2388 lepide
996 2331 1269 2371 demmcinavit
1300 2330 1466 2370 militem
1488 2345 1564 2386 pro
1598 2331 1929 2385 interrogatione

302 2406 481 2455 accepta
512 2400 826 2453 Acroteleutio,
861 2407 901 2440 at
934 2402 1054 2440 etiam
1084 2413 1202 2453 roqas
1233 2406 1305 2439 aut
1336 2397 1618 2440 Palaestrioni
1651 2405 1724 2440 aut
1761 2397 1929 2454 Milphi-

299 2469 456 2526 dippae
497 2469 684 2519 dedisse,
733 2468 961 2510 verborum
1009 2475 1151 2508 autem
1198 2467 1513 2520 insequentium
1553 2467 1724 2508 omnino
1763 2466 1924 2508 nullam

301 2538 508 2579 rationem
557 2536 768 2578 habuisse.
830 2552 908 2578 nee
954 2536 1161 2577 audaciae
1207 2542 1270 2575 est
1309 2535 1410 2576 talia
1450 2535 1677 2577 correctori
1727 2535 1926 2582 tribuere,

300 2605 504 2659 quoniam
534 2604 578 2645 in
601 2604 835 2661 archetypo
857 2603 1136 2645 Ambrosiani
1167 2618 1249 2644 non
1282 2605 1433 2659 magis,
1466 2619 1594 2659 quam
1624 2603 1669 2644 in
1700 2604 1795 2659 ipso
1820 2603 1923 2644 Am-

300 2672 497 2715 brosiano
529 2688 806 2730 personarum
846 2680 967 2714 notas
1007 2673 1137 2713 fuisse
1170 2679 1501 2713 consentaneum
1540 2679 1613 2714 est.
1673 2680 1813 2714 tamen
1843 2686 1924 2713 non

301 2741 481 2783 multum
533 2741 813 2791 adversabor,
861 2741 895 2782 si
927 2741 1022 2795 quis
1056 2740 1242 2789 librario,
1291 2740 1393 2781 dum
1430 2740 1581 2796 legerit
1621 2748 1661 2780 at
1701 2742 1832 2790 etiam,
1885 2741 1927 2780 in

302 2818 484 2852 mentem
519 2810 686 2851 venisse
725 2810 840 2850 dicat
872 2809 1116 2849 notissimae
1148 2808 1261 2849 illius
1299 2808 1548 2850 elocutionis
1581 2816 1622 2848 at
1647 2810 1926 2863 ετίαηιζνοραε,

301 2893 430 2934 quam
482 2878 788 2919 sententiarum
843 2891 1030 2918 conexus
1085 2876 1202 2933 nulla
1246 2876 1408 2917 ratione
1456 2876 1602 2917 habita
1643 2877 1684 2917 in
1721 2875 1926 2918 continui-

299 2953 429 2988 tatem
462 2945 687 2988 verborum
721 2946 933 2988 asciverit.
