2020 3278
1088 159 1139 198 14

291 293 574 335 enarrandam
631 307 726 335 cum
785 293 1136 336 antecedentibus
1201 309 1284 336 non
1335 294 1415 335 nisi
1476 294 1643 336 nomine
1700 293 1918 337 Strabacis

292 375 499 402 conexam
520 369 643 417 poeta
672 363 836 402 transit.
883 370 1070 404 ceterum
1088 363 1291 404 miramur
1317 363 1430 419 quod
1448 362 1487 404 N
1494 363 1732 418 iemeyerus
1752 378 1919 404 versum

291 429 373 470 246
404 429 447 470 in
468 430 511 470 A
543 429 659 470 aliud
690 437 871 472 metrum
904 430 1059 473 habere
1103 439 1231 487 atque
1254 431 1336 473 245
1368 446 1524 487 eosque
1557 431 1628 488 qui
1663 431 1921 473 antecedunt

294 497 465 539 minime
512 497 699 548 curavit,
746 513 1007 556 quamquam
1053 500 1287 541 sententiae
1336 499 1649 541 necessitudine
1691 500 1792 540 satis
1832 507 1920 540 arte

292 565 507 607 coniuncti
530 575 638 609 sunt.
698 580 776 607 nec
807 567 903 622 plus
933 567 1216 622 Niemeyerus
1247 566 1384 609 effecit
1409 567 1652 623 prosodiam
1673 566 1921 608 Plautinam

291 633 334 675 in
363 634 408 675 A
438 634 541 675 scite
573 633 841 676 observatam
874 649 964 677 esse
995 650 1170 677 monens
1216 636 1302 691 (sed
1340 626 1373 676 {s
1411 636 1532 682 cldm,
1586 634 1674 675 άᾶηι
1712 636 1814 683 volo,
1853 636 1922 676 se‘d

293 704 382 759 Est),
407 703 529 760 quasi
551 703 654 745 talia
671 704 713 744 in
732 703 924 746 versibus
949 704 1214 760 interpolatis
1237 719 1320 745 non
1344 714 1430 745 tam
1448 702 1596 745 crebro
1619 703 1922 754 invenirentur,

291 779 338 813 ut
370 771 566 827 exempla
606 771 758 813 afferre
799 787 1167 827 supervacaneum
1219 772 1285 816 sit.
1346 772 1473 828 longe
1512 772 1803 814 incredibilius
1847 782 1921 822 est,

292 839 407 896 quod
452 839 736 895 Niemeyerus
784 855 837 882 ex
884 840 966 882 hoc
1011 840 1103 882 loco
1142 855 1185 882 se
1226 840 1427 882 didicisse
1466 841 1547 882 ait:
1593 840 1923 897 grammaticum

291 906 511 949 Palatinos
565 915 856 950 recensentem
918 924 971 950 ne
1019 909 1072 950 ab
1119 909 1318 951 obsoletis
1372 909 1543 965 quidem
1593 909 1847 965 (transilivit)
1884 917 1925 951 et

293 975 521 1017 reconditis
554 976 707 1031 (habet)
739 977 885 1018 formis
917 976 1202 1029 abhorruisse,
1236 986 1283 1018 ut
1313 977 1496 1032 probum
1522 991 1692 1019 versum
1724 977 1924 1021 efficeret.

293 1059 403 1098 quae
451 1052 671 1101 praeterea
715 1044 899 1095 addidit,
964 1046 1007 1087 in
1049 1046 1097 1087 iis
1141 1046 1375 1089 refutandis
1424 1045 1519 1087 nolo
1560 1045 1718 1087 diutius
1751 1046 1923 1086 morari.

294 1127 424 1153 unum
470 1112 570 1154 satis
609 1111 746 1153 habeo
787 1127 1162 1165 commemorasse,
1211 1114 1264 1156 ab
1311 1113 1599 1157 Ambrosiano
1639 1113 1834 1170 inprimis
1876 1128 1926 1155 ea

295 1180 347 1221 de
393 1194 522 1222 causa
569 1180 876 1223 discedendum
922 1197 1034 1232 esse,
1093 1182 1206 1239 quod
1252 1183 1447 1239 singulae
1494 1182 1726 1224 sententiae
1770 1182 1924 1224 finibus

297 1263 499 1290 versuum
552 1249 675 1291 foede
725 1249 1070 1306 disrumpuntur,
1130 1250 1173 1291 id
1225 1251 1338 1307 quod
1382 1251 1484 1291 artis
1535 1250 1760 1292 Plautinae
1812 1258 1926 1291 certa

298 1317 366 1358 lex
393 1324 518 1361 vetat.
570 1333 680 1373 quae
705 1317 921 1374 Bergkius
944 1319 1092 1374 (Beitr.
1117 1335 1150 1360 ε.
1175 1319 1243 1359 lat.
1269 1318 1451 1361 Gramm.
1474 1334 1514 1375 p.
1539 1318 1638 1373 133)
1660 1318 1712 1360 de
1737 1319 1814 1359 hoc
1836 1318 1927 1360 loco

295 1386 545 1441 disputavit,
586 1386 741 1441 partim
783 1387 975 1429 obsoleta
1013 1401 1126 1428 nunc
1157 1387 1264 1428 nihil
1297 1387 1440 1429 valent
1470 1387 1606 1443 (velut
1637 1387 1679 1427 in
1711 1385 1755 1427 A
1786 1388 1927 1427 transit

296 1455 389 1496 ideo
434 1455 599 1497 illatum
640 1470 751 1506 esse,
791 1464 835 1497 ut
874 1456 1163 1511 pronuntiatio
1205 1456 1271 1512 p⁷r
1309 1457 1466 1497 hortum
1505 1456 1727 1511 vitaretur)
1770 1455 1925 1510 partim

296 1531 389 1579 post
408 1524 612 1566 Schoellii
636 1538 835 1580 sagacem
864 1525 1204 1566 observationem
1229 1524 1335 1565 nihil
1357 1532 1548 1581 prosunt.
1610 1538 1747 1580 neque
1770 1537 1926 1578 operae

297 1593 480 1649 pretium
513 1600 575 1633 est
606 1592 816 1648 Gepperti
847 1593 1008 1634 iudicia
1038 1592 1177 1649 (Stud.
1203 1592 1227 1634 I
1249 1593 1322 1649 93)
1354 1607 1588 1634 recensere.

410 1660 601 1702 Transeo
633 1660 688 1702 ad
721 1675 890 1703 versum
932 1662 1088 1704 Trucul.
1121 1661 1202 1703 252

354 1729 413 1770 A:
436 1729 521 1783 Qui
553 1728 624 1770 ubi
656 1744 829 1786 quamq.
870 1738 1109 1772 nostrarum
1150 1730 1266 1771 videt
1297 1744 1428 1786 prope
1458 1729 1575 1771 aedis
1608 1728 1826 1783 adgrediri

354 1797 411 1838 P:
434 1797 519 1852 Qui
550 1797 623 1839 ubi
663 1813 877 1854 quamque
914 1805 1156 1840 nostrarum
1196 1798 1312 1840 videt
1354 1812 1483 1854 prope
1515 1797 1630 1838 aedis
1673 1796 1752 1838 hac
1793 1797 1827 1838 si
1859 1796 1928 1836 ad-

1112 1867 1285 1923 gredias

411 1933 480 1975 Ex
513 1934 623 1975 hacsi
659 1934 912 1976 eliciendum
955 1950 1046 1977 esse
1076 1936 1189 1976 hasce
1220 1934 1386 1990 (Bergk
1419 1934 1611 1988 Beitrc'iye
1642 1948 1682 1989 p.
1711 1932 1810 1987 133)
1846 1947 1927 1973 non

299 2003 440 2044 minus
474 2012 636 2044 certum
669 2011 747 2054 est,
779 2018 908 2060 quam
940 2018 992 2045 ex
1024 2004 1067 2045 A
1099 2002 1391 2060 recipiendum
1424 2017 1515 2043 esse
1548 2001 1834 2056 acl9⁷=ecli⁷vi1);
1874 2001 1927 2041 cf.

298 2070 480 2127 Langen
529 2071 660 2112 Beier.
704 2087 738 2112 z.
786 2071 895 2112 Krit.
942 2088 981 2113 u.
1027 2072 1142 2113 Erkl.
1190 2072 1229 2112 d.
1271 2071 1443 2112 Plautus
1480 2085 1521 2126 p.
1565 2069 1619 2111 82
1651 2084 1712 2125 sq.
1781 2082 1928 2110 versus

298 2138 429 2195 igitur
459 2139 541 2180 fine
582 2139 715 2189 ,aedis
756 2139 884 2181 hasce
916 2139 1145 2196 adgrediri‘
1179 2139 1407 2181 constituto
1440 2153 1586 2180 vocem
1612 2152 1740 2193 prope
1778 2137 1928 2178 falsam

299 2207 443 2249 sedem
491 2221 722 2263 occupasse
775 2217 973 2265 apparet3
1014 2222 1150 2262 neque
1191 2215 1335 2249 tamen
1387 2207 1466 2249 hoc
1508 2205 1634 2248 verbo
1680 2214 1777 2247 ante
1825 2207 1929 2246 videt

300 2276 437 2331 posito
482 2276 648 2332 integer
687 2291 835 2318 versus
874 2276 1016 2332 prodit
1059 2276 1139 2317 nisi
1191 2291 1267 2331 pro
1298 2284 1523 2317 nostrarum
1563 2274 1698 2316 altera
1743 2274 1931 2330 genetivi

299 2345 436 2385 forma
466 2352 643 2385 nostr-nm
674 2345 879 2400 reposita:

357 2412 442 2465 Qui
473 2411 546 2453 ubi
579 2411 793 2468 quamque
826 2418 1017 2453 nostrum
1049 2412 1182 2467 prope
1205 2411 1321 2453 videt
1353 2411 1479 2452 hasce
1512 2410 1630 2451 aedis
1662 2408 1879 2465 adgrediri

301 2494 426 2534 quem
466 2495 636 2520 versum
676 2479 711 2520 si
757 2494 853 2520 cum
899 2479 1068 2520 traditis
1105 2479 1147 2520 in
1186 2479 1229 2520 A
1269 2486 1310 2520 et
1346 2478 1383 2520 P
1430 2477 1569 2520 verbis
1621 2491 1929 2532 comparamus,

302 2563 472 2590 versum
503 2548 546 2588 in
577 2547 811 2602 archetypo
842 2547 927 2588 iam
959 2556 1205 2602 corruptum
1237 2562 1261 2588 a
1292 2546 1587 2588 Palatinorum
1619 2545 1803 2587 librariis
1835 2544 1926 2586 reli-

300 2617 418 2673 giose
447 2615 707 2670 descriptum
738 2630 829 2657 esse
861 2615 1069 2665 videmus,
1101 2615 1214 2671 quod
1242 2622 1388 2656 contra
1418 2622 1630 2656 corrector
1650 2612 1928 2654 Ambrosiani

302 2698 484 2734 ‚versum
517 2697 592 2738 per
622 2690 848 2723 nostrarum
879 2684 977 2738 (pro
998 2685 1192 2738 nostrum)
1225 2690 1266 2724 et
1296 2684 1400 2724 videt
1426 2697 1552 2738 prope
1575 2696 1650 2737 pro
1678 2696 1802 2737 prope
1822 2682 1926 2722 videt

421 2856 444 2897 ¹)
480 2852 653 2887 Fortasse
679 2852 717 2886 in
742 2852 998 2887 Palatinorum
1022 2853 1189 2897 apicibus
1215 2852 1253 2886 id
1279 2852 1398 2896 ipsum
1425 2851 1530 2894 latet;
1557 2851 1602 2885 cf.
1628 2850 1777 2885 Schoell
1803 2849 1927 2890 Praef.

307 2912 408 2945 Truc.
434 2909 546 2944 XXI:
582 2910 689 2950 ‚hacsi
715 2910 905 2953 adyradias
930 2920 997 2953 pro
1023 2910 1165 2952 kase-(e)
1190 2909 1374 2952 adyretliri
1399 2920 1443 2941 cx
1470 2909 1536 2941 leae
1561 2907 1710 2950 aclyredi
1734 2906 1930 2950 adscriptis

303 2980 343 3000 as
368 2969 399 3000 ri
424 2966 644 3000 correcturis
670 2967 836 3010 repetas:
