2020 3278
1097 110 1152 149 90

311 260 404 285 cum
445 244 728 300 Niemcyerus
770 261 809 301 p.
842 245 896 286 29
927 262 1019 300 sqq.
1061 247 1197 290 locum
1240 247 1278 288 in
1312 247 1348 288 Ρ
1380 255 1542 289 tantum
1575 256 1810 290 correctum
1843 262 1934 290 esse

310 313 587 356 contenderit.

1071 387 1096 437 ξ
1129 384 1166 427 3.

421 461 583 511 Restat,
622 469 667 504 ut
711 462 761 503 (le
802 462 1095 505 Palatinarum
1136 464 1237 505 locis
1275 465 1328 504 ad
1369 465 1552 505 rationes
1593 466 1763 520 proprie
1795 479 1934 521 gram-

307 531 483 572 maticas
532 532 771 573 retractatis
818 546 996 587 agamus
1041 531 1219 573 eandem
1263 547 1452 574 normam
1497 540 1706 584 tenentes,
1748 533 1800 575 de
1847 549 1932 588 qua

307 601 582 655 exposuimus
628 615 666 655 p.
699 600 763 642 (56.
811 608 937 653 atque
976 600 1016 640 in
1053 599 1089 640 P
1127 600 1231 641 tales
1277 601 1509 656 scripturas
1550 603 1741 644 noviciae
1787 603 1932 658 paullo

306 667 474 723 saepius
513 668 721 709 invasisse
753 683 881 722 quam
916 669 957 709 in
990 670 1047 719 A,
1086 669 1238 712 mirum
1271 684 1354 710 non
1387 678 1468 721 est,
1499 671 1656 727 quippe
1689 671 1760 728 qui
1793 678 1931 713 aetate

306 735 430 792 longe
462 736 681 778 inferiores
714 737 809 778 sint.
852 737 997 793 itaque
1028 737 1181 778 iterum
1214 740 1462 790 monuerim,
1495 755 1546 781 ne
1579 754 1631 781 ex
1663 740 1813 781 talium
1845 755 1932 782 mu-

306 804 513 845 tationum
552 805 792 859 frequentia
831 805 883 847 de
920 807 1053 862 ipsius
1093 807 1352 849 recensionis
1393 808 1531 865 pretio
1561 808 1767 850 iudicium
1799 809 1932 864 fiat.¹)

306 872 456 927 collegi
489 880 629 915 autem
663 873 738 915 hos
769 874 904 916 locos:

369 941 480 982 Truc.
513 940 609 985 380.
640 942 721 984 381

423 1010 489 1052 A:
523 1010 685 1054 Verum
718 1019 952 1067 tempestas
985 1013 1199 1068 quondam
1233 1013 1335 1056 dum
1368 1012 1503 1055 vivixi
1534 1013 1626 1063 fuit,

519 1079 628 1121 Cum
659 1080 768 1121 inter
798 1095 874 1123 nos
906 1081 1246 1124 sordebamus
1280 1083 1386 1124 alter
1416 1081 1474 1123 de
1506 1082 1675 1124 altero

420 1147 472 1189 P:
506 1147 667 1192 Verum
700 1156 929 1204 tempestas
961 1151 1133 1192 memini
1165 1151 1381 1208 quondam
1414 1150 1506 1203 fuit,

516 1215 625 1259 Cum
656 1218 766 1259 inter
798 1233 873 1259 nos
905 1218 1241 1262 soi-deremus
1274 1219 1378 1261 alter
1410 1219 1581 1260 alteri.

306 1283 348 1323 in
380 1283 538 1326 iudicio
571 1285 621 1326 de
653 1286 794 1340 priore
818 1301 942 1328 versu
970 1287 1164 1328 faciendo
1189 1287 1285 1329 nolo
1309 1287 1541 1344 periclitari
1560 1287 1663 1329 nihil
1690 1287 1930 1330 effecturus.

304 1351 348 1392 in
381 1352 515 1394 altero
553 1353 634 1395 hoc
674 1354 949 1396 memorabile
989 1363 1072 1407 est,
1113 1357 1292 1398 diversis
1332 1355 1567 1398 rationibus
1605 1362 1830 1410 utramque
1870 1370 1930 1397 re-

307 1420 551 1463 censionem
583 1429 857 1465 retractatam
891 1439 994 1468 esse.
1056 1425 1336 1467 Ambrosiani
1369 1425 1480 1466 enim
1505 1424 1759 1480 scripturam
1791 1439 1932 1480 gram-

305 1489 461 1531 matico
494 1490 639 1532 deberi
673 1492 866 1535 dativum
905 1508 988 1535 non
1022 1502 1134 1535 recte
1164 1493 1464 1549 interpretanti
1503 1507 1652 1534 versus
1685 1492 1768 1534 379
1799 1492 1930 1543 ,Num

305 1557 380 1599 tibi
421 1559 592 1600 sordere
635 1560 816 1602 videor?
842 1566 853 1611 ΙΙ
881 1577 962 1603 non
1004 1563 1075 1618 pol
1106 1563 1210 1604 mihi
1250 1563 1437 1617 quidem‘
1477 1561 1646 1605 evincit.
1706 1560 1930 1603 Palatinae

306 1633 447 1668 autem
476 1629 734 1670 recensionis
759 1637 908 1672 auctor
932 1631 1212 1672 indicativum
1231 1647 1254 1672 a
1271 1646 1375 1673 voce
1393 1647 1481 1672 cum
1499 1630 1769 1687 pendentem,
1802 1644 1930 1685 quem

303 1694 589 1752 improbabat,
616 1699 793 1740 removit
818 1699 872 1740 ad
889 1701 1134 1756 posterioris
1152 1700 1302 1742 aetatis
1328 1699 1677 1743 consuetudinem
1697 1699 1930 1742 emendans

304 1767 564 1808 sorderemus.

361 1834 508 1875 Pseud.
541 1835 623 1878 612

418 1899 481 1943 A:
512 1902 613 1945 Non
645 1903 754 1945 soles
786 1905 997 1961 respicere
1029 1913 1083 1955 te,
1116 1920 1245 1960 quom
1279 1905 1386 1948 dicis
1417 1905 1573 1948 iniuste
1605 1905 1728 1947 alteri

418 1971 475 2012 P:
508 1971 610 2015 Non
643 1973 753 2014 soles
786 1974 998 2029 respicere
1031 1982 1083 2024 te,
1120 1989 1247 2028 quom
1281 1974 1397 2015 dieas
1429 1973 1582 2015 iniuste
1615 1973 1751 2025 alteri,

304 2054 488 2094 quocum
528 2041 687 2097 optime
721 2042 961 2098 comparari
987 2049 1140 2098 potest,
1173 2041 1288 2097 quod
1322 2057 1466 2084 versus
1498 2043 1594 2084 Aul.
1625 2042 1702 2084 178
1734 2042 1778 2083 in
1809 2041 1929 2084 libris

305 2108 457 2150 nostris
490 2109 670 2152 traditus
702 2118 765 2152 est

417 2177 700 2235 Praesagibat
712 2179 856 2237 1ni[hi]
874 2179 1040 2221 animus
1058 2181 1216 2220 frustra
1234 2195 1300 2220 me
1318 2179 1388 2230 ire,
1410 2194 1537 2234 quom
1553 2178 1722 2220 exibam
1741 2178 1928 2229 domum,

305 2260 329 2286 a
362 2245 568 2289 Cicerone
601 2258 742 2291 autem
774 2251 842 2305 (de
873 2250 994 2292 divin.
1026 2248 1045 2289 I
1078 2248 1145 2297 31,
1178 2248 1252 2303 ὃὸ)
1284 2249 1345 2289 sic
1377 2247 1554 2290 citatur:

420 2315 700 2371 Praesagibat
733 2318 899 2360 animus
931 2319 1090 2359 frustra
1122 2331 1189 2358 me
1223 2317 1297 2367 ire,
1330 2332 1456 2373 quom
1490 2316 1652 2358 exirem
1685 2315 1871 2364 domum,

304 2382 377 2424 ubi
428 2391 515 2425 tam
561 2385 854 2427 coniunctivus
905 2401 1033 2442 quam
1081 2387 1284 2427 omissum
1326 2385 1508 2427 verbum
1540 2386 1597 2426 mi
1634 2383 1814 2426 fortasse
1848 2383 1929 2440 ipsi

304 2450 499 2493 Ciceroni
544 2467 566 2494 e
612 2454 817 2495 memoria
862 2469 1032 2497 versum
1079 2455 1225 2496 citanti
1272 2453 1461 2496 debetur.
1511 2453 1585 2495 sed
1628 2453 1670 2494 in
1710 2452 1929 2496 codicibus

305 2534 474 2574 quoque
511 2520 768 2577 quibusdam
816 2537 840 2563 a
878 2523 915 2564 P
948 2523 1127 2564 diversis
1160 2523 1308 2564 eadem
1340 2523 1554 2578 scriptura
1586 2521 1755 2563 novicia
1786 2520 1929 2562 extitit

305 2588 434 2644 [spici.
470 2589 567 2640 138,
601 2606 726 2647 quem
764 2591 801 2632 P
833 2592 892 2632 sic
932 2592 1127 2633 tradunt:
1175 2590 1467 2648 ,Desipiebam
1503 2589 1677 2639 mentis,
1718 2604 1815 2631 eum
1855 2588 1930 2630 illa

419 2715 444 2757 ¹)
468 2713 539 2749 Vel
572 2726 614 2748 eo
647 2716 826 2759 temporis
852 2718 989 2760 spatio,
1015 2716 1113 2761 quod
1143 2716 1343 2750 intercedit
1366 2716 1463 2749 inter
1488 2714 1654 2749 codicem
1684 2713 1856 2748 Veterem
1883 2715 1920 2747 et

304 2770 549 2806 Decurtatum
577 2772 887 2817 Ursinianumque
909 2776 1089 2808 exaratos.
1103 2784 1220 2807 novae
1236 2772 1336 2806 labes
1352 2773 1601 2814 accesserunt;
1620 2770 1722 2805 velut
1736 2771 1844 2804 Stich.
1861 2770 1928 2804 384

308 2829 391 2869 ,iam
409 2840 477 2873 ego
496 2839 569 2863 non
586 2829 683 2863 facio
702 2829 920 2863 auctionem‘
940 2829 1018 2869 AB,
1033 2831 1170 2874 faciam
1189 2828 1264 2863 OD.
1293 2829 1370 2863 Cas.
1387 2827 1453 2862 ΙΙΙ
1470 2830 1501 2869 4,
1523 2829 1538 2861 1
1568 2826 1671 2869 ‚Viso
1697 2826 1768 2860 huc
1784 2827 1929 2860 amator

308 2885 337 2919 si
364 2896 384 2918 a
401 2886 481 2920 foro
500 2885 614 2919 rediit
631 2885 789 2920 domum‘
809 2885 889 2928 AB,
909 2886 1051 2920 redierit
1070 2883 1261 2920 Parisinus
1282 2884 1473 2930 Gepperti.
1521 2884 1628 2918 Poen.
1646 2884 1711 2919 924
1737 2892 1843 2926 ‚nunc
1861 2884 1926 2924 est,

308 2952 390 2976 eum
414 2952 473 2977 me
498 2953 706 2977 commoror
731 2943 784 2986 A;
809 2954 924 2976 moror
948 2941 990 2984 B,
1014 2953 1127 2976 morer
1152 2941 1227 2976 OD.
