2020 3278
867 140 1020 204 selffflff
1069 204 1076 205 s

337 277 468 320 Uetro
500 283 560 319 tc:
595 293 731 334 neque
763 292 841 333 ego
875 277 1117 319 taetriorem
1151 276 1320 318 beluam
1348 268 1354 272 ’

338 345 505 389 Vidisse
539 362 603 387 me
637 361 840 402 umquam
873 360 1130 399 quemquam
1164 360 1291 401 quam
1323 352 1363 387 te
1396 360 1561 388 censeo,

131 428 208 469 pro
246 421 356 454 ueta-0
388 422 423 455 te
454 413 627 455 exhibet
658 414 701 455 A
738 429 875 457 uuo..
916 413 985 462 ‚‚d.
1018 413 1058 453 h.
1099 428 1184 454 uno
1215 414 1291 454 mit
1331 413 1434 454 zwei
1474 413 1758 455 senkrechten

132 482 353 531 Lochern‚
395 482 433 522 in
480 482 669 523 welchen
708 483 810 523 zwei
855 481 1044 522 schmale
1083 481 1360 523 Buchstaben
1398 482 1475 523 wie
1519 497 1557 522 se
1582 482 1684 523 oder
1724 490 1759 523 te

130 551 233 593 oder
278 551 413 606 dergl.
452 550 687 607 gestanden
733 550 873 591 haben
921 554 1116 599 miissen;
1162 550 1504 604 (Studemundus
1552 551 1757 605 Festyruss

129 635 169 676 p.
202 620 298 676 64);
340 620 450 661 unde
490 619 811 662 Studemundus
849 619 889 659 in
932 619 968 659 A
999 619 1129 659 fuisse
1167 625 1312 659 censet
1350 634 1489 667 unose,
1530 618 1647 660 nisus
1687 618 1755 660 ille

129 689 370 744 fragmento
417 688 602 743 quodam
649 687 898 728 Pacuviano
946 686 1062 742 apud
1109 686 1297 728 Nonium
1345 692 1514 726 servato
1546 685 1645 742 (frg.
1676 686 1759 728 213

131 756 302 813 Ribb.):
337 757 578 807 ‚Occidisti‚
621 763 667 798 ut
707 756 839 798 multa
874 756 1019 811 paucis
1054 755 1181 797 verba
1215 770 1347 796 unose
1380 754 1657 796 obnuntiem‘.
1691 755 1758 797 cui

131 826 261 867 verbo
294 841 317 866 a
351 840 452 867 voce
483 841 584 866 imus
614 840 688 880 per
713 824 1052 866 terminationem
1076 826 1232 878 0(u)sus
1263 823 1458 865 derivato
1490 838 1586 865 cum
1609 824 1758 867 Stude-

130 894 315 935 mundus
348 894 705 950 significationem
729 892 1045 948 ‚gleichfiirmig
1076 892 1119 932 in
1151 892 1289 933 einem
1315 891 1452 948 Zuge‘
1484 891 1673 933 vindicet
1696 895 1757 947 (et

129 963 359 1019 requiritur
405 978 505 1004 sane
541 962 742 1004 Plautino
780 961 872 1003 loco
911 961 1016 1002 haec
1049 961 1206 1014 notio),
1246 961 1410 1002 lubrico
1450 960 1537 1002 solo
1576 961 1753 1014 incedit3

129 1031 285 1074 etenim
307 1046 444 1087 neque
470 1031 592 1072 unico
614 1031 720 1081 loco,
738 1046 792 1072 cx
810 1046 892 1085 quo
916 1030 1041 1072 huius
1066 1032 1181 1071 vocis
1204 1030 1399 1071 notitiam
1421 1030 1625 1086 cepimus,
1647 1029 1758 1072 hanc

130 1100 489 1156 significationem
523 1099 652 1141 habet
684 1106 724 1140 et
747 1098 913 1141 Nonius
947 1113 1039 1139 eam
1063 1098 1366 1140 convenienter
1397 1098 1488 1140 loco
1509 1098 1758 1140 Pacuviano

129 1170 434 1224 interpretatur
471 1170 600 1211 simul.
661 1167 836 1217 deinde,
877 1183 927 1208 ne
967 1167 1070 1221 quid
1102 1167 1243 1208 dicam
1275 1167 1326 1207 de
1365 1166 1569 1208 adverbio
1600 1167 1643 1208 in
1674 1167 1756 1209 fine

129 1237 362 1279 sententiae
394 1236 662 1278 incommode
694 1237 845 1292 posito,
888 1251 1065 1292 gravem
1107 1235 1416 1277 dubitationem
1456 1243 1598 1277 movet
1643 1236 1757 1290 quod

130 1309 172 1347 in
206 1306 246 1346 A
288 1320 340 1347 ex
375 1305 662 1349 Studemundi
703 1304 843 1347 verbis
883 1305 1010 1347 etiam
1052 1313 1164 1346 zmote
1201 1304 1331 1345 fuisse
1371 1311 1530 1359 potest;
1578 1305 1690 1361 quod
1723 1305 1757 1346 si

129 1375 355 1424 sumimus,
396 1374 675 1416 Ambrosiani
707 1374 983 1429 scripturam,
1024 1389 1133 1428 quae
1174 1373 1384 1414 sententia
1425 1388 1596 1429 prorsus
1629 1382 1757 1423 caret,

129 1443 363 1486 recensioni
410 1443 555 1485 deberi
602 1458 687 1485 non
726 1458 953 1500 possumus
992 1442 1261 1484 contendere.
1331 1440 1616 1497 Niemeyerus
1655 1457 1758 1483 sane

129 1528 171 1568 p.
203 1513 257 1555 28
297 1513 402 1567 quin
441 1527 558 1553 unose
597 1527 744 1554 verum
782 1511 837 1553 sit
890 1511 1032 1553 nullus
1073 1510 1259 1552 dubitat:
1313 1525 1477 1561 ‚verum
1517 1510 1558 1551 in
1591 1511 1635 1552 A
1667 1525 1757 1551 esse

129 1588 335 1636 apparet3
385 1595 522 1637 neque
571 1595 685 1631 vero,
733 1579 947 1636 quomodo
995 1579 1166 1621 testium
1213 1578 1429 1620 discordia
1465 1586 1557 1620 orta
1599 1579 1674 1629 sit,
1713 1579 1755 1620 in

130 1649 309 1692 obscuro
332 1660 405 1690 est.
437 1664 519 1691 non
552 1649 664 1690 enim
695 1648 907 1690 intellexit
938 1655 1150 1690 corrector
1182 1662 1331 1689 vocem
1363 1647 1599 1689 obsoletam
1631 1655 1757 1702 atque

129 1725 193 1759 sat
225 1718 429 1759 laudabili
461 1717 708 1759 coniectura
748 1732 801 1758 ex
842 1716 1008 1758 traditis
1048 1716 1202 1757 litteris
1244 1730 1390 1757 verum
1431 1731 1475 1757 se
1512 1716 1758 1758 enucleasse

128 1786 415 1828 existimavit.‘
463 1802 516 1827 ex
555 1794 659 1827 vetro
696 1793 732 1826 te
762 1785 888 1835 enim,
930 1784 1045 1839 quod
1074 1784 1112 1826 P
1142 1784 1312 1834 habent,
1345 1784 1581 1839 Seyffertus
1609 1785 1756 1826 Plzilol.

128 1854 269 1896 XXV
295 1871 331 1911 p.
355 1855 439 1897 452
471 1854 642 1910 egregie
665 1855 852 1896 restituit
876 1855 978 1895 ultro
1002 1862 1048 1901 te,
1071 1869 1200 1908 quam
1223 1854 1480 1910 scripturam
1505 1862 1552 1894 ut
1574 1869 1598 1894 a
1619 1868 1756 1909 gram-

129 1925 284 1965 matico
324 1923 543 1965 inventam
585 1937 676 1964 csse
715 1922 885 1964 credam
918 1938 942 1964 a
974 1937 1039 1963 me
1074 1937 1156 1963 non
1196 1937 1369 1977 possum
1404 1923 1646 1977 impetrare.
1680 1921 1753 1963 sed

129 2007 227 2033 cum
274 1992 325 2033 de
369 1991 643 2033 Ambrosiani
685 1990 926 2033 testimonio
967 2006 1050 2032 non
1091 1991 1217 2047 plane
1259 1998 1447 2040 constet,
1494 1990 1651 2032 iudicio
1687 1989 1755 2031 ab-

129 2060 372 2103 stinendum
404 2060 494 2104 erit.

673 2382 883 2444 Caput
927 2383 1221 2444 quintum.

242 2538 339 2580 Non
377 2549 510 2580 totum
551 2547 726 2594 repente
765 2538 887 2592 quasi
926 2539 1096 2580 emersit
1142 2537 1256 2592 quod
1301 2537 1594 2578 demonstrare
1635 2535 1756 2577 nobis

131 2621 500 2663 proposueramus,
534 2607 609 2648 sed
640 2621 716 2662 per
748 2621 946 2662 operosas
971 2606 1266 2663 inquisitiones
1297 2606 1641 2661 multiplicesque
1672 2619 1755 2645 am-

129 2674 263 2729 bages
294 2675 348 2716 ad
379 2681 534 2715 metam
558 2674 699 2716 aditus
722 2674 844 2716 nobis
866 2675 1188 2730 praeparandus
1219 2674 1309 2718 fuit.
1341 2674 1427 2715 iam
1458 2672 1756 2728 disputationis

129 2743 257 2798 longo
281 2757 406 2785 cursu
431 2752 605 2798 peraeto
630 2758 713 2785 uno
741 2752 984 2798 conspectu,
1008 2743 1112 2797 quid
1138 2743 1408 2792 voluerimus,
1442 2741 1544 2798 quid
1566 2740 1757 2782 adsecuti

131 2811 274 2864 simus
310 2811 441 2853 oculis
464 2826 701 2867 proponere
724 2812 857 2855 decet.
889 2826 973 2852 non
1006 2811 1127 2853 nobis
1159 2813 1200 2852 in
1234 2811 1373 2852 animo
1405 2811 1483 2852 fuit
1513 2810 1756 2851 universam

131 2879 425 2936 quaestionem
459 2880 636 2929 solvere,
668 2879 795 2920 immo
829 2887 895 2920 sat
925 2879 1077 2935 gravia
1108 2879 1369 2936 reliquimus.
1416 2878 1491 2919 sed
1521 2892 1618 2920 cum
1649 2876 1758 2918 falsa

130 2947 182 2990 de
215 2947 487 2999 condicione,
529 2962 637 3007 quae
676 2947 785 2990 inter
824 2948 1092 2990 recensiones
1133 2947 1391 2999 intercedat,
1440 2945 1555 2989 credi
1594 2953 1634 2986 et
1665 2959 1757 3003 pro-
