2020 3278
1069 144 1122 185 26

284 285 446 320 mutare
480 278 743 331 studuerunt,
778 287 821 320 ut
849 279 1120 335 Megaronidi
1148 279 1359 334 assignari
1390 280 1538 335 possit3
1587 279 1702 322 velut
1728 280 1907 323 Bothius

286 354 326 388 et
363 346 626 389 Ritschelius
673 348 933 403 scripserunt
978 347 1139 404 ,Ipsum
1179 347 1308 389 adeas
1349 347 1654 401 Lesbonicum,
1711 348 1907 391 edoctum

283 422 328 456 ut
351 430 417 457 res
442 431 484 457 sc
508 415 661 458 habet.‘
706 416 747 456 in
771 431 855 470 quo
880 431 1025 457 onmes
1047 416 1204 458 frustra
1226 413 1396 458 fuerunt
1419 423 1586 472 praeter
1605 415 1905 470 Ribbeckium‚

283 484 354 539 qui
377 492 541 539 partem
565 485 653 525 veri
677 484 938 540 perspiciens
973 485 1154 526 coniecit
1185 484 1345 540 ,Ipsum
1370 483 1522 526 adeas
1547 484 1829 527 Lesbonicum
1852 512 1907 517 —

282 550 449 593 CALL.
494 552 694 594 edoceam
737 561 782 594 ut
819 567 886 594 res
926 568 970 594 se
1011 552 1167 594 habet?
1221 552 1280 595 Ut
1319 567 1398 608 ego
1441 560 1565 594 nunc‘
1607 568 1642 595 e.
1673 569 1712 609 q.
1736 569 1788 604 s.;
1832 554 1905 597 sed

281 635 333 661 ne
378 623 412 662 is
464 621 634 678 quidem
675 636 764 663 rem
807 622 1004 678 perfecit,
1046 620 1160 677 quod
1205 621 1294 662 sine
1327 621 1411 663 ullo
1459 622 1766 664 sententiarum
1814 622 1897 665 dis-

281 689 459 730 crimine
496 689 692 731 diversae
720 689 1102 744 interrogationum
1141 689 1301 731 formae
1327 689 1514 731 evadunt
1545 692 1740 739 edoceam,
1773 699 1814 732 ut
1841 707 1910 748 ‘³90

284 759 464 798 indicem.
526 766 568 798 at
608 757 818 814 quomodo
851 757 942 799 loco
982 757 1287 799 consulendum
1320 759 1388 809 sit,
1428 774 1481 800 ex
1515 759 1681 814 integra
1712 759 1907 802 codicum

283 827 486 867 memoria
530 825 655 867 facile
697 825 976 881 intellegitur:
1017 841 1187 868 versum
1233 827 1345 869 enim
1386 827 1481 878 749,
1523 835 1566 869 ut
1602 827 1643 869 in
1690 827 1908 870 codicibus

284 903 421 947 extat,
462 893 630 936 Callicli
662 893 928 936 reddendum
962 909 1054 936 esse
1085 909 1258 951 prorsus
1290 903 1450 937 certum
1483 904 1559 937 est.
1614 896 1717 952 quid
1748 897 1909 952 igitur?

284 976 423 1004 nonne
441 970 619 1019 apparet
636 963 745 1004 inter
762 978 801 1004 v.
821 963 902 1005 748
927 969 967 1004 et
985 963 1065 1006 749
1089 963 1357 1005 intercidisse
1378 979 1562 1018 versum,
1587 979 1669 1021 quo
1686 964 1908 1007 consilium

284 1029 389 1072 illud
432 1030 722 1086 Megaronidis
767 1029 1061 1087 aperiebatur,
1101 1033 1308 1088 cuiusque
1346 1033 1599 1074 sententiam
1636 1042 1763 1089 atque
1802 1033 1909 1076 adeo

285 1098 418 1141 verba
448 1100 586 1154 prima
624 1114 721 1141 cum
754 1115 792 1140 v.
821 1098 901 1141 749
942 1100 1061 1141 initio
1092 1102 1359 1156 conspirasse
1389 1101 1480 1143 fere
1514 1102 1802 1144 necessarium
1841 1111 1904 1144 est

283 1166 486 1209 credere?
537 1175 724 1209 attamen
759 1167 950 1222 quaestio
972 1167 1159 1210 nondum
1192 1168 1387 1212 absoluta
1418 1178 1493 1211 est.
1547 1170 1702 1212 etenim
1735 1178 1780 1212 ut
1812 1185 1908 1213 cum

282 1236 325 1276 A
358 1235 468 1277 hanc
501 1236 582 1277 loci
616 1236 924 1278 restitutionem
956 1236 1240 1292 accipiamus:

284 1315 364 1356 748
395 1315 493 1359 ME.
529 1315 650 1368 Vide,
686 1315 720 1356 si
750 1315 833 1357 hoc
862 1314 1011 1357 utibile
1043 1316 1181 1371 magis
1213 1325 1341 1371 atque
1372 1317 1415 1358 in
1447 1331 1535 1358 rem
1569 1317 1749 1373 deputas

286 1451 367 1493 749
397 1450 570 1494 CALL.
602 1451 752 1507 Ipsum
785 1451 937 1493 adeam
960 1451 1262 1502 Lesbonicum,
1295 1452 1496 1494 edoceam
1529 1460 1575 1495 ut
1605 1468 1671 1495 res
1703 1468 1746 1494 se
1769 1452 1909 1504 habet,

284 1520 366 1562 750
398 1520 515 1578 [Sed]
549 1520 607 1563 Ut
638 1535 717 1576 ego
747 1535 862 1562 nunc
893 1520 1156 1562 adulescenti
1188 1535 1222 1562 e.
1256 1536 1296 1577 q.
1329 1535 1375 1574 s.,

283 1601 326 1642 id
363 1602 503 1656 ipsum
550 1601 821 1656 relinquitur,
869 1601 983 1656 quod
1031 1608 1177 1643 contra
1220 1600 1509 1642 Ribbeckium
1557 1601 1763 1653 diximus,
1813 1615 1910 1643 cum

284 1670 559 1711 similitudine
623 1670 930 1712 sententiarum
1003 1683 1198 1726 pugnare
1267 1667 1458 1709 diversas
1527 1668 1909 1723 interrogationum

282 1739 458 1789 formas,
492 1754 676 1793 quarum
700 1739 810 1781 duae
843 1739 1005 1795 priores
1037 1753 1113 1795 per
1144 1737 1282 1778 solum
1313 1736 1644 1785 coniunctivum‚
1679 1736 1803 1777 tertia
1835 1751 1909 1793 per

285 1807 628 1849 coniunctionem
670 1807 937 1864 exprimitur.
996 1807 1137 1848 versui
1170 1812 1312 1848 autem
1345 1805 1427 1846 750
1458 1819 1509 1846 ne
1540 1804 1710 1846 finalem
1740 1812 1906 1847 senten-

285 1876 386 1916 tiam
416 1875 668 1926 tribuamus,
700 1876 801 1917 satis
833 1883 987 1917 cavent
1025 1874 1155 1917 verba
1187 1882 1227 1914 ut
1265 1888 1334 1929 390
1371 1873 1694 1929 interrogationi
1726 1881 1906 1916 tantum-

285 1944 410 1985 modo
449 1952 561 2000 apta.
643 1944 788 1998 itaque
835 1958 932 1985 cum
970 1946 1102 1999 zpsum
1149 1942 1255 1983 illud
1303 1951 1414 1982 stare
1453 1950 1658 1996 nequeat,
1698 1941 1908 1984 Palatinis

287 2012 427 2069 potius
461 2012 641 2054 ducibus
686 2021 728 2053 ut
759 2012 981 2054 restituere
1002 2011 1289 2053 necessarium
1316 2011 1404 2054 erit,
1465 2019 1592 2064 atque
1615 2009 1675 2051 sic
1706 2010 1740 2051 si
1765 2010 1909 2052 statui-

286 2096 400 2131 muS,
441 2081 536 2122 luce
568 2080 724 2122 clarius
755 2089 818 2122 est
848 2082 977 2137 ipsum
1009 2094 1062 2121 ex
1094 2079 1339 2121 recensione
1368 2087 1514 2120 natum
1537 2093 1649 2129 esse3
1682 2078 1755 2120 sed
1778 2086 1910 2120 restat

287 2149 420 2190 altera
450 2149 565 2190 illius
595 2149 908 2206 discrepantiae
939 2148 1231 2205 interpretatio
1262 2162 1346 2189 non
1378 2147 1516 2188 minus
1547 2145 1792 2203 probabilis,
1825 2162 1910 2202 qua

288 2226 460 2273 accepta
501 2232 584 2258 non
622 2217 720 2259 licet
759 2217 1052 2259 Palatinorum
1095 2215 1397 2273 praestantiam
1443 2215 1524 2256 hoc
1562 2215 1736 2269 quidem
1783 2230 1910 2258 versu

287 2285 476 2327 laudare.
541 2301 724 2340 namque
759 2285 793 2326 si
826 2299 990 2327 mecum
1033 2284 1272 2326 memineris
1301 2284 1504 2334 locorum,
1548 2298 1653 2338 quos
1685 2283 1736 2325 de
1760 2284 1907 2326 Pseud.

290 2370 329 2395 v.
364 2353 587 2396 138—140
619 2354 841 2410 disputans
873 2369 913 2409 p.
948 2353 1001 2395 10
1031 2353 1116 2394 iam
1149 2352 1282 2403 attuli,

379 2434 525 2474 Pseud.
559 2434 640 2475 140
688 2433 753 2475 A:
785 2432 883 2475 Hoc
913 2447 1059 2474 eorum
1090 2432 1336 2474 officiumst:
1367 2431 1544 2473 mavelis

695 2502 751 2544 P:
785 2501 883 2543 Hoc
915 2508 977 2543 est
1007 2515 1153 2542 eorum
1184 2515 1305 2557 opus,
1336 2508 1389 2542 ut
1420 2500 1596 2542 mavelis

407 2581 527 2623 Stich.
551 2581 633 2622 299
683 2581 747 2622 A:
782 2580 852 2623 Sic
891 2580 971 2622 hoc
1012 2580 1179 2622 videtur
1216 2580 1319 2621 mihi
1360 2580 1495 2636 magis
1545 2579 1792 2621 convenire:
1839 2579 1908 2620 ad-

1106 2662 1279 2690 vorsum
1313 2648 1457 2690 veniat

695 2727 751 2769 P:
784 2727 1014 2770 advorsum
1046 2734 1100 2769 ut
1131 2727 1274 2768 veniat

408 2807 528 2849 Stich.
552 2807 635 2848 594
685 2807 751 2848 A:
783 2822 915 2849 unum
947 2806 1027 2849 hoc
1051 2814 1208 2864 potest:
1246 2806 1319 2849 ubi
1352 2806 1556 2848 convivae
1594 2804 1787 2856 abierint,
1821 2814 1910 2847 tum

1103 2884 1156 2916 ut
1189 2875 1334 2928 venias

695 2942 752 2987 P:
786 2951 874 2985 tum
907 2944 1052 2985 venias
