2020 3278
859 169 913 210 25

75 307 353 349 Ambrosiani
393 314 534 347 autem
567 313 846 348 correctorem
877 313 1004 346 vestra
1035 304 1129 345 ideo
1160 303 1351 345 intulisse
1374 304 1628 359 suspicatur,
1661 311 1704 345 ut

76 376 225 418 eadem
258 374 533 423 concinnitas,
565 389 674 428 quae
706 380 822 415 extet
847 388 885 415 v,
910 373 992 414 467
1025 378 1202 422 ‚vostras
1249 386 1343 413 cum
1391 371 1545 413 nostris
1587 371 1703 413 sacti-

79 451 194 486 ones‘
227 443 395 485 evadat.
456 457 592 496 neque
628 442 670 482 id
695 441 904 483 immerito
915 458 925 491 ;
956 448 1002 482 ut
1023 440 1135 482 enim
1166 439 1462 482 Palatinorum
1494 439 1704 495 scriptura

75 512 267 554 firmatur
297 512 394 553 Aul.
428 526 465 555 V.
497 511 577 552 221
647 510 720 561 ‚Ut
753 511 921 566 inopem
963 518 1089 564 atque
1130 508 1351 550 innoxium
1389 507 1463 549 abs
1506 517 1544 549 te
1576 515 1702 562 atquc

76 580 163 622 abs
195 580 300 622 tuis
332 579 407 622 me*
428 579 627 621 inrideas‘
660 578 717 620 ita
738 586 865 619 vestra
894 578 937 619 in
958 578 1003 619 A
1031 576 1224 619 consulto
1252 576 1458 632 scriptum
1480 590 1571 617 esse
1595 575 1701 617 illud

76 648 341 704 potissimum
381 648 654 697 demonstrat,
701 646 815 701 quod
856 645 1064 688 consimili
1104 644 1229 687 modo
1273 644 1310 687 P
1341 645 1558 687 retractati
1605 653 1704 686 sunt

80 718 202 762 Stich.
234 717 330 758 255.

196 785 302 826 ibba
334 784 417 826 328

75 854 131 896 P:
165 853 281 895 Bene
315 852 409 894 volo
441 853 532 907 ego
560 840 646 892 ”illi
677 850 829 904 facere,
863 851 909 892 si
940 859 993 892 tu
1026 853 1121 892 non
1154 850 1316 891 nevis.
1377 848 1507 892 LYS.
1550 850 1702 906 nempe

889 919 942 961 de
975 918 1076 960 tuo?

75 991 134 1032 A:
167 990 282 1032 Bene
314 988 410 1031 volo
443 987 526 1030 illi
558 987 710 1041 facere,
745 987 826 1029 nisi
858 996 902 1029 tu
934 1002 1016 1029 non
1039 988 1117 1030 vis.
1170 985 1300 1028 LYS.
1335 1000 1488 1042 nempe
1519 985 1570 1026 de
1603 986 1705 1027 tuo?

75 1058 147 1100 ubi
185 1058 291 1099 haec
328 1057 506 1099 adnotat
546 1055 780 1112 Niemeyer
812 1072 851 1112 p.
874 1055 949 1097 46:
997 1055 1062 1109 ,In
1093 1055 1133 1096 A
1165 1055 1409 1096 coniectura
1441 1061 1530 1096 est.‘
1592 1053 1704 1095 vide-

76 1142 167 1168 mus
214 1126 427 1168 inlocum
466 1126 635 1182 priscae
676 1124 925 1166 elocutionis
964 1125 1015 1178 ,si
1054 1131 1099 1165 tu
1139 1138 1220 1164 non
1260 1123 1394 1164 nevis‘
1437 1122 1707 1177 immigrasse

76 1197 281 1238 tritiorem
327 1195 425 1248 ,nisi
466 1202 509 1235 tu
550 1209 632 1235 non
672 1195 770 1248 vis‘;
815 1208 952 1250 neque
992 1192 1035 1234 id
1080 1190 1211 1234 semel
1257 1190 1416 1232 factum
1458 1198 1533 1232 est.
1593 1189 1706 1232 idem

77 1264 188 1306 enim
221 1262 526 1320 perpoliendae
558 1262 761 1303 orationis
794 1261 982 1304 studium
1014 1261 1201 1303 cernitur
1239 1259 1346 1300 Trin.
1369 1258 1450 1302 361

189 1331 247 1373 P:
282 1332 353 1388 qui
387 1330 477 1373 vult
509 1331 580 1387 qui
613 1330 794 1373 nevult

187 1397 253 1441 A:
288 1414 398 1455 quae
431 1398 519 1441 volt
550 1413 659 1455 quae
692 1414 789 1440 non
822 1398 931 1441 volt

76 1476 116 1509 et
145 1467 229 1511 364
269 1467 443 1507 nemalta
464 1466 511 1519 P,
561 1465 675 1522 quod
715 1465 829 1508 haud
869 1471 1119 1507 cunctanter
1157 1464 1341 1521 recipio,
1389 1478 1465 1504 non
1495 1464 1622 1504 multa
1658 1464 1708 1504 A.

75 1533 313 1576 Trinummi
344 1540 486 1575 autem
508 1549 546 1576 v.
569 1535 651 1576 328
677 1533 855 1577 voculae
884 1547 1023 1589 'nempe
1052 1534 1361 1589 correptionem
1385 1548 1468 1574 non
1500 1533 1543 1574 in
1577 1547 1706 1574 causa

79 1602 321 1658 corrigendi
355 1602 485 1644 fuisse
514 1601 747 1643 Ritschelio
779 1601 862 1643 alia
890 1615 991 1642 sane
1019 1616 1069 1642 ac
1100 1600 1209 1642 falsa
1232 1601 1556 1642 ratiocinatione
1581 1600 1709 1642 ducto

76 1672 358 1713 concesserim
406 1671 534 1726 (Prol.
569 1669 715 1712 LXVI
740 1691 798 1707 =
827 1670 900 1727 Op.
934 1669 971 1712 V
1003 1669 1119 1725 325).
1162 1668 1237 1710 sed
1278 1667 1707 1710 animadvertendum

77 1747 140 1782 est
191 1740 318 1781 etiam
360 1738 465 1780 illud
503 1739 762 1780 recensionis
798 1753 956 1794 genus,
1007 1737 1119 1794 quod
1157 1737 1200 1778 in
1231 1736 1366 1779 altera
1401 1737 1526 1778 huius
1558 1737 1710 1794 capitis

78 1808 349 1866 paragrapho
379 1808 670 1861 tractavimus,
705 1807 774 1849 hic
806 1807 1037 1861 observari,
1070 1822 1166 1848 cum
1199 1807 1269 1862 &90
1299 1796 1363 1846 {lli
1405 1804 1619 1847 sublatum
1658 1805 1712 1846 sit

78 1879 121 1919 in
151 1879 190 1919 A
223 1884 385 1918 remoto
417 1891 497 1932 eqo.

146 1946 252 1987 Trin.
287 1945 366 1987 747

191 2013 247 2056 P:
286 2013 410 2055 Nam
440 2012 618 2055 hercle
651 2011 818 2054 omnia
850 2011 983 2052 istaec
1015 2011 1190 2052 veniunt
1220 2010 1264 2051 in
1295 2017 1480 2051 mentem
1512 2008 1636 2064 mihi3

193 2083 249 2123 A:
282 2081 447 2123 Eadem
470 2082 611 2123 omnia
633 2081 765 2122 istaec
797 2079 973 2121 veniunt
1004 2079 1047 2120 in
1079 2086 1262 2120 mentem
1295 2077 1399 2119 mihi

79 2149 224 2202 ‚multo
254 2149 297 2191 id
330 2149 528 2191 deterius‘
562 2147 816 2190 Ritschelius
849 2148 892 2189 in
923 2147 1213 2189 adnotatione.

145 2218 251 2259 Trin.
285 2217 525 2260 748—750

81 2286 144 2327 A:
199 2287 278 2329 748
313 2285 406 2328 ME.
439 2284 562 2339 Vide,
598 2285 634 2325 si
665 2283 745 2326 hoc
783 2282 929 2325 utibile
961 2284 1098 2340 magis
1129 2290 1258 2339 atque
1292 2283 1332 2324 in
1363 2298 1454 2324 rem
1495 2283 1676 2339 deputas

198 2354 278 2396 749
310 2354 488 2410 Ipsum
520 2352 672 2395 adeam
704 2351 1005 2401 Lesbonicum,
1036 2351 1253 2400 edoceam,
1287 2359 1331 2391 ut
1355 2366 1421 2392 res
1447 2366 1491 2392 se
1514 2349 1655 2391 habet.

198 2423 278 2466 750
308 2421 411 2465 Sed
444 2437 577 2463 nunc
610 2436 703 2477 ego
734 2419 997 2462 adulescenti
1030 2419 1306 2460 thensaurum
1339 2418 1526 2460 indicem

201 2492 279 2534 751
313 2490 538 2543 Indomito,
572 2489 697 2546 pleno
729 2489 885 2530 amoris
917 2502 967 2529 ac
998 2487 1234 2530 lasciviae?

82 2559 138 2601 P:
189 2560 268 2601 748
299 2558 398 2600 ME.
433 2557 555 2611 Vide,
590 2558 623 2599 si
654 2558 736 2599 hoc
768 2556 915 2598 utibile
947 2556 1084 2611 magis
1117 2565 1244 2612 atque
1277 2556 1319 2596 in
1352 2570 1440 2597 rem
1474 2555 1654 2611 deputas

198 2627 278 2669 749
308 2626 375 2669 Ut
406 2626 561 2668 adeam
591 2625 891 2679 Lesbonicum,
924 2625 1139 2677 edoceam,
1173 2631 1219 2665 ut
1248 2638 1315 2665 res
1347 2638 1391 2665 se
1423 2623 1562 2665 habet.

197 2695 279 2738 750
310 2694 410 2737 Sed
441 2702 494 2736 ut
525 2709 619 2749 ego
651 2709 784 2736 nunc
815 2693 1081 2735 adulescenti
1115 2708 1150 2734 e.
1183 2708 1221 2749 q.
1254 2707 1285 2733 s.

194 2763 281 2816 Qui
317 2763 433 2805 locus
466 2764 667 2819 quoniam
700 2762 1042 2804 emendationem
1073 2760 1215 2802 adhuc
1246 2767 1465 2816 expectat,
1522 2759 1712 2814 longiore

85 2829 369 2887 disputatione
410 2832 488 2872 erit
528 2830 815 2872 illustrandus.
883 2846 980 2872 cum
1018 2845 1166 2876 versus
1200 2830 1281 2871 748
1321 2828 1531 2884 efflagitet
1579 2842 1712 2869 enun-

86 2898 260 2950 tiatum,
298 2913 380 2955 quo
412 2898 634 2940 consilium
668 2898 961 2952 Megaronidis
994 2905 1254 2953 exponatur,
1300 2912 1426 2938 versu
1457 2903 1598 2937 autem
1633 2895 1714 2937 750

88 2967 173 3009 iam
199 2965 397 3011 Callicles
431 2967 563 3010 verba
594 2967 735 3022 faciat,
767 2967 949 3009 editores
981 2966 1055 3009 alii
1088 2965 1211 3008 aliter
1242 2964 1430 3006 medium
1452 2977 1623 3005 versum
1656 2963 1716 3004 ita
