2020 3278
1049 112 1128 154 1152

384 251 480 294 Iam
512 251 654 292 hercle
688 265 767 306 ego
799 249 868 291 hic
900 256 968 299 te,
1001 250 1124 304 quasi
1156 265 1226 291 sus
1255 250 1430 299 catulos,
1464 249 1679 303 mulier,
1713 249 1894 306 pedibus

1497 325 1724 373 proteram.

273 387 421 442 quales
462 388 719 429 mutationes
757 387 792 427 si
832 387 926 441 quis
966 386 1019 427 ad
1063 386 1365 441 grammaticos
1411 393 1608 427 auctores
1656 385 1899 428 referendas

272 471 364 498 esse
396 456 512 508 dicit,
546 456 628 506 ,isti
662 455 833 509 quidem
866 455 1010 497 hercle
1043 455 1265 496 orationist
1296 454 1463 509 Oedipo
1496 469 1602 511 opus
1635 454 1901 496 coniectore‘.

273 525 346 567 sed
386 539 530 566 omnes
570 524 841 565 difficultates
883 523 1128 573 solvuntur,
1174 525 1209 564 si
1250 523 1318 564 hic
1362 536 1530 579 qnoque
1573 522 1828 578 archetypos
1861 528 1902 563 et

272 592 550 635 Ambrosiani
589 600 630 634 et
672 592 967 634 Palatinorum
1014 592 1068 632 ad
1109 591 1331 646 exemplar
1375 589 1585 631 librorum
1628 590 1902 632 histricorum

272 661 504 704 recensitos
544 675 635 702 esse
678 660 913 710 credimus;
951 660 1207 701 histrionum
1251 658 1381 707 enim,
1425 658 1580 707 sicui,
1615 659 1816 699 intererat
1856 665 1903 699 ut

274 729 549 785 intellegendi
580 728 776 770 facilitati
809 728 867 768 ita
889 728 1181 778 subvenirent,
1214 736 1259 769 ut
1290 727 1421 769 verba
1444 734 1584 768 mente
1616 734 1706 768 arte
1729 728 1900 769 coniun-

272 798 414 855 genda
446 798 575 840 etiarn
607 797 749 852 quoad
781 797 871 839 fieri
904 805 1070 852 poterat
1108 801 1302 852 proxime
1343 796 1627 846 collocarent3
1674 795 1902 838 histriones

272 867 460 909 animum
498 866 797 916 attendebant,
837 875 882 908 ut
914 864 1300 922 pronuntiationem
1345 863 1595 918 impeditam
1634 862 1902 917 transpositis

273 935 414 977 verbis
438 934 767 977 commodiorem
790 934 1038 984 redderent3
1071 933 1346 975 histrionibus
1370 940 1514 974 autem
1547 933 1675 974 etiam
1702 931 1903 973 facillime

271 1003 466 1046 accidere
497 1003 634 1058 potuit
671 1010 718 1045 ut
761 1003 850 1044 sine
882 1003 970 1044 ulla
1003 1017 1144 1052 causa,
1177 1002 1250 1043 sed
1275 1001 1479 1043 memoria
1514 1008 1679 1042 tantum
1711 999 1903 1042 destituti

274 1071 596 1114 collocationem
619 1071 849 1113 verborum
871 1077 1100 1120 mutarent,
1134 1069 1275 1111 verbis
1301 1069 1452 1111 vicinis
1476 1069 1561 1110 alia
1583 1069 1905 1123 interponerent

273 1151 403 1195 atque
434 1140 541 1182 adeo
573 1140 632 1181 ita
662 1148 912 1195 peccarent,
946 1146 992 1180 ut
1031 1147 1165 1179 metro
1198 1138 1371 1195 quidem
1404 1153 1487 1179 non
1519 1136 1789 1187 exciderent,
1828 1136 1903 1177 sed

274 1224 422 1251 versus
454 1210 592 1251 minus
624 1209 844 1264 elegantes
876 1208 1127 1258 redderent,
1168 1223 1297 1263 quam
1339 1223 1363 1247 a
1395 1213 1522 1262 poeta
1554 1206 1735 1261 profecti
1767 1212 1900 1247 erant.

273 1278 346 1332 qui
386 1293 534 1319 versus
573 1277 728 1319 mutati
770 1277 942 1332 quando
981 1277 1097 1332 apud
1136 1276 1362 1318 histriones
1409 1275 1730 1317 increbruerant
1776 1282 1903 1331 atque

274 1347 639 1397 inveteraverant,
694 1347 799 1401 quid
844 1347 998 1389 mirum
1054 1346 1087 1387 si
1134 1345 1176 1385 in
1224 1344 1487 1399 exemplaria
1534 1358 1703 1400 quoque
1748 1342 1904 1397 quibus

273 1414 500 1457 utebantur
523 1413 762 1456 transibant
786 1413 935 1455 eodem
959 1413 1100 1464 modo,
1123 1429 1206 1471 quo
1228 1414 1271 1455 in
1296 1413 1616 1469 tragoediarum
1635 1412 1901 1455 Graecarum

271 1484 401 1526 libros
432 1484 687 1525 histrionum
719 1484 864 1524 variae
896 1483 1098 1524 lectiones
1130 1482 1418 1524 transierunt?
1471 1481 1740 1523 diversitates
1773 1481 1904 1537 igitur

272 1553 315 1594 in
347 1552 622 1594 collocatione
649 1551 876 1593 verborum
907 1551 1016 1592 inter
1039 1551 1309 1593 recensiones
1332 1550 1646 1592 intercedentes
1669 1549 1903 1590 maximam

273 1628 439 1678 partem
477 1621 531 1662 ad
570 1620 826 1662 histrionum
868 1620 1132 1676 exemplaria
1172 1620 1308 1661 refero
1350 1627 1409 1671 et,
1446 1618 1648 1676 quoniam
1686 1618 1729 1659 id
1769 1633 1904 1673 genus

274 1704 421 1732 earum
452 1689 507 1732 ab
538 1689 641 1739 illis,
674 1704 784 1744 quae
817 1703 919 1730 casu
951 1697 1023 1730 aut
1060 1688 1441 1744 grammaticorum
1473 1702 1603 1743 opera
1634 1694 1760 1728 natac
1794 1694 1904 1737 sunt,

274 1758 493 1816 segregari
525 1758 684 1815 nequit,
717 1757 772 1798 ad
803 1772 932 1799 unam
964 1772 1110 1798 omnes
1143 1757 1185 1797 in
1218 1757 1299 1799 hoc
1333 1763 1462 1812 capnt
1495 1756 1770 1811 congregavi,

391 1825 445 1868 In
491 1826 815 1868 collocationem
861 1825 1089 1868 verborum
1138 1840 1212 1881 per
1258 1825 1526 1867 recensiones
1572 1824 1727 1865 mirum
1774 1839 1903 1878 quam

275 1895 489 1937 diversam
532 1895 722 1937 animum
767 1895 853 1936 iam
891 1894 1076 1936 advertit
1116 1894 1436 1936 Studemundus
1475 1894 1580 1936 Mus.
1614 1893 1742 1934 Rhea.
1775 1891 1900 1934 XXI

272 1977 312 2019 p.
344 1963 425 2006 581
449 1978 511 2020 sq.
544 1963 600 2005 ad
639 1963 745 2006 Trin.
777 1962 831 2004 25

388 2032 451 2076 A:
482 2031 541 2073 Et
572 2031 862 2081 conducibile;
895 2046 995 2072 nam
1028 2046 1107 2087 ego
1137 2031 1265 2074 hodie
1298 2030 1483 2073 amicum
1515 2045 1657 2073 meum

387 2100 444 2142 P:
477 2100 534 2142 Et
566 2099 857 2150 conducibile;
889 2115 988 2142 nam
1021 2114 1101 2156 ego
1132 2101 1318 2141 amicum
1349 2099 1476 2141 hodie
1508 2114 1649 2141 meum

273 2169 380 2211 haec
412 2168 639 2211 adnotans:
683 2168 806 2220 ‚Sehr
843 2168 992 2224 haufig
1031 2168 1184 2210 weicht
1225 2167 1292 2208 die
1326 2167 1615 2209 Palatinische
1655 2166 1899 2208 Recension

273 2253 359 2280 von
404 2238 479 2281 der
525 2237 935 2280 Ambrosianischen
981 2238 1024 2278 in
1062 2236 1212 2293 Bezug
1253 2236 1330 2277 auf
1364 2236 1432 2278 die
1472 2235 1789 2291 Wortstellung
1835 2233 1902 2287 ab,

273 2307 383 2348 ohne
414 2306 513 2348 dass
549 2321 648 2348 man
687 2321 764 2348 aus
801 2307 1059 2349 meti-ischen
1088 2307 1176 2348 und
1210 2304 1514 2362 prosodischen
1547 2303 1755 2347 Griinden
1789 2302 1905 2344 einer

273 2391 357 2418 von
388 2374 538 2417 beiden
571 2375 845 2417 entschieden
878 2375 959 2416 den
992 2374 1168 2431 Vorzug
1199 2374 1337 2431 geben
1376 2374 1546 2415 konnte.
1608 2372 1717 2413 Hier
1741 2371 1904 2427 jedoch

272 2445 347 2486 hat
378 2458 474 2485 man
508 2444 781 2485 entschieden
815 2444 894 2485 den
927 2444 963 2485 P
996 2459 1048 2485 zu
1080 2444 1251 2499 folgen‘.
1313 2442 1387 2496 qui
1418 2441 1533 2496 quod
1565 2440 1634 2481 hic
1666 2439 1752 2480 illic
1784 2439 1902 2480 litem

272 2513 382 2555 inter
404 2512 672 2554 recensiones
703 2513 761 2553 ita
793 2513 991 2553 dirimere
1016 2512 1168 2562 studet,
1199 2518 1245 2554 ut
1277 2526 1370 2552 eam
1394 2524 1541 2551 versus
1563 2510 1758 2558 sormam,
1792 2521 1901 2564 quae

274 2580 559 2624 severioribus
598 2581 777 2622 trimetri
809 2580 966 2624 Graeci
1007 2578 1174 2635 legibus
1206 2578 1484 2634 respondeat,
1524 2577 1762 2632 praeferat,
1800 2574 1904 2616 mihi

273 2649 447 2706 quidem
470 2649 609 2705 legem
631 2664 787 2690 novam
811 2648 886 2689 sed
916 2663 1009 2690 eam
1032 2663 1117 2689 non
1138 2646 1404 2704 probandam
1435 2646 1476 2686 in
1500 2645 1629 2688 crisin
1652 2644 1903 2685 Plautinam

277 2718 444 2761 videtur
475 2716 683 2758 intulisse.
745 2716 935 2772 disputat
966 2717 1077 2757 enim
1112 2732 1152 2773 p.
1187 2715 1270 2758 604
1291 2730 1353 2769 sq.
1386 2714 1440 2755 ad
1477 2714 1583 2756 Tria.
1617 2713 1725 2755 438:

387 2785 449 2827 A:
482 2784 600 2827 Bene
631 2785 720 2826 volt
752 2784 842 2827 tibi.
872 2785 882 2841 {l
915 2785 1066 2840 edepol
1098 2799 1265 2826 mecum
1297 2790 1494 2825 mutuum
1526 2781 1629 2823 facit

385 2853 440 2896 P:
473 2852 592 2895 Bene
623 2852 712 2894 volt
744 2851 833 2896 tibi.
864 2853 875 2908 ss
906 2852 1057 2908 edepol
1091 2861 1283 2894 mutuum
1315 2865 1486 2892 mecum
1517 2850 1633 2891 facit.

274 2922 339 2973 ‚In
370 2921 408 2963 P
438 2921 493 2963 ist
522 2920 598 2962 der
628 2921 667 2964 4.
698 2920 809 2962 Fuss
841 2921 944 2974 rein,
978 2920 1053 2962 der
1093 2923 1132 2963 5.
1165 2921 1338 2970 unrein,
1378 2918 1619 2972 uberhaupt
1657 2916 1733 2958 der
1763 2928 1900 2972 ganze
