<?xml version="1.0" encoding="UTF-8"?>
<!DOCTYPE html PUBLIC "-//W3C//DTD XHTML 1.0 Transitional//EN"
    "http://www.w3.org/TR/xhtml1/DTD/xhtml1-transitional.dtd">
<html xmlns="http://www.w3.org/1999/xhtml" xml:lang="en" lang="en">
 <head>
  <title>
</title>
<meta http-equiv="Content-Type" content="text/html;charset=utf-8" />
  <meta name='ocr-system' content='tesseract 3.04.00' />
  <meta name='ocr-capabilities' content='ocr_page ocr_carea ocr_par ocr_line ocrx_word'/>
</head>
<body>
  <div class='ocr_page' id='page_1' title='image "./deplautifabularu00baieuoft_0075.png"; bbox 0 0 2020 3278; ppageno 0'>
   <div class='ocr_carea' id='block_1_1' title="bbox 861 164 914 205">
    <p class='ocr_par' dir='ltr' id='par_1_1' title="bbox 861 164 914 205">
     <span class='ocr_line' id='line_1_1' title="bbox 861 164 914 205; baseline -0.038 0"><span class='ocrx_word' id='word_1_1' title='bbox 861 164 914 205; x_wconf 83' lang='lat'><strong>63</strong></span> 
     </span>
    </p>
   </div>
   <div class='ocr_carea' id='block_1_2' title="bbox 185 298 422 340">
    <p class='ocr_par' dir='ltr' id='par_1_2' title="bbox 185 298 422 340">
     <span class='ocr_line' id='line_1_2' title="bbox 185 298 422 340; baseline 0 -1"><span class='ocrx_word' id='word_1_2' title='bbox 185 299 306 340; x_wconf 82' lang='lat' dir='ltr'><strong>Poen.</strong></span> <span class='ocrx_word' id='word_1_3' title='bbox 338 298 422 339; x_wconf 85' lang='lat'><strong>910</strong></span> 
     </span>
    </p>
   </div>
   <div class='ocr_carea' id='block_1_3' title="bbox 71 365 1716 3025">
    <p class='ocr_par' dir='ltr' id='par_1_3' title="bbox 71 365 1704 614">
     <span class='ocr_line' id='line_1_3' title="bbox 128 365 1699 425; baseline 0.001 -17"><span class='ocrx_word' id='word_1_4' title='bbox 128 367 191 408; x_wconf 88' lang='lat' dir='ltr'><strong>A:</strong></span> <span class='ocrx_word' id='word_1_5' title='bbox 224 365 339 420; x_wconf 80' lang='lat' dir='ltr'><strong>Quin</strong></span> <span class='ocrx_word' id='word_1_6' title='bbox 372 366 514 408; x_wconf 90' lang='lat' dir='ltr'><strong>hercle</strong></span> <span class='ocrx_word' id='word_1_7' title='bbox 547 366 790 408; x_wconf 79' lang='lat' dir='ltr'><strong>collibertus</strong></span> <span class='ocrx_word' id='word_1_8' title='bbox 823 382 941 408; x_wconf 89' lang='lat' dir='ltr'><strong>meus</strong></span> <span class='ocrx_word' id='word_1_9' title='bbox 973 368 1074 408; x_wconf 83' lang='lat' dir='ltr'><strong>faxo</strong></span> <span class='ocrx_word' id='word_1_10' title='bbox 1105 375 1149 408; x_wconf 92' lang='lat' dir='ltr'><strong>tu</strong></span> <span class='ocrx_word' id='word_1_11' title='bbox 1182 368 1278 417; x_wconf 91' lang='lat' dir='ltr'><strong>eris,</strong></span> <span class='ocrx_word' id='word_1_12' title='bbox 1311 369 1368 409; x_wconf 88' lang='lat' dir='ltr'><strong>sei</strong></span> <span class='ocrx_word' id='word_1_13' title='bbox 1411 368 1479 409; x_wconf 88' lang='lat' dir='ltr'><strong>dei</strong></span> <span class='ocrx_word' id='word_1_14' title='bbox 1521 367 1699 425; x_wconf 79' lang='lat' dir='ltr'><strong>vol[ent]</strong></span> 
     </span>
     <span class='ocr_line' id='line_1_4' title="bbox 127 434 1486 487; baseline 0 -11"><span class='ocrx_word' id='word_1_15' title='bbox 127 434 183 476; x_wconf 89' lang='lat' dir='ltr'><strong>P:</strong></span> <span class='ocrx_word' id='word_1_16' title='bbox 217 434 302 487; x_wconf 80' lang='lat' dir='ltr'><strong>Qui</strong></span> <span class='ocrx_word' id='word_1_17' title='bbox 342 434 480 475; x_wconf 84' lang='lat' dir='ltr'><strong>hercle</strong></span> <span class='ocrx_word' id='word_1_18' title='bbox 513 434 773 476; x_wconf 75' lang='lat' dir='ltr'>conlibertus</span> <span class='ocrx_word' id='word_1_19' title='bbox 805 449 923 476; x_wconf 89' lang='lat' dir='ltr'><strong>meus</strong></span> <span class='ocrx_word' id='word_1_20' title='bbox 955 436 1056 476; x_wconf 86' lang='lat' dir='ltr'><strong>faxo</strong></span> <span class='ocrx_word' id='word_1_21' title='bbox 1089 437 1170 476; x_wconf 89' lang='lat' dir='ltr'><strong>eris</strong></span> <span class='ocrx_word' id='word_1_22' title='bbox 1202 436 1236 476; x_wconf 89' lang='lat' dir='ltr'><strong>si</strong></span> <span class='ocrx_word' id='word_1_23' title='bbox 1270 435 1312 477; x_wconf 89' lang='lat' dir='ltr'><strong>di</strong></span> <span class='ocrx_word' id='word_1_24' title='bbox 1344 436 1486 477; x_wconf 84' lang='lat' dir='ltr'><strong>volent</strong></span> 
     </span>
     <span class='ocr_line' id='line_1_5' title="bbox 71 503 1704 546; baseline 0.001 -2"><span class='ocrx_word' id='word_1_25' title='bbox 71 503 253 545; x_wconf 78' lang='lat' dir='ltr'>editores</span> <span class='ocrx_word' id='word_1_26' title='bbox 293 503 515 544; x_wconf 87' lang='lat' dir='ltr'><strong>novissimi</strong></span> <span class='ocrx_word' id='word_1_27' title='bbox 554 518 649 544; x_wconf 88' lang='lat' dir='ltr'><strong>cum</strong></span> <span class='ocrx_word' id='word_1_28' title='bbox 690 503 969 544; x_wconf 82' lang='lat' dir='ltr'><strong>Fleckeiseno</strong></span> <span class='ocrx_word' id='word_1_29' title='bbox 1002 503 1222 545; x_wconf 86' lang='lat' dir='ltr'><strong>Palatinos</strong></span> <span class='ocrx_word' id='word_1_30' title='bbox 1261 505 1395 545; x_wconf 84' lang='lat' dir='ltr'><strong>secuti</strong></span> <span class='ocrx_word' id='word_1_31' title='bbox 1435 518 1605 545; x_wconf 88' lang='lat' dir='ltr'><strong>versum</strong></span> <span class='ocrx_word' id='word_1_32' title='bbox 1645 505 1704 546; x_wconf 92' lang='lat' dir='ltr'><strong>sic</strong></span> 
     </span>
     <span class='ocr_line' id='line_1_6' title="bbox 71 571 319 614; baseline -0.004 -1"><span class='ocrx_word' id='word_1_33' title='bbox 71 571 319 614; x_wconf 88' lang='lat' dir='ltr'><strong>ediderunt:</strong></span> 
     </span>
    </p>

    <p class='ocr_par' dir='ltr' id='par_1_4' title="bbox 72 639 1704 832">
     <span class='ocr_line' id='line_1_7' title="bbox 184 639 1532 694; baseline -0.001 -12"><span class='ocrx_word' id='word_1_34' title='bbox 184 640 344 682; x_wconf 80' lang='lat' dir='ltr'>Hercle</span> <span class='ocrx_word' id='word_1_35' title='bbox 375 640 449 694; x_wconf 91' lang='lat' dir='ltr'><strong>qui</strong></span> <span class='ocrx_word' id='word_1_36' title='bbox 481 655 600 682; x_wconf 86' lang='lat' dir='ltr'><strong>meus</strong></span> <span class='ocrx_word' id='word_1_37' title='bbox 633 639 889 681; x_wconf 81' lang='lat' dir='ltr'><strong>conlibertus</strong></span> <span class='ocrx_word' id='word_1_38' title='bbox 923 640 1022 682; x_wconf 85' lang='lat' dir='ltr'><strong>faxo</strong></span> <span class='ocrx_word' id='word_1_39' title='bbox 1055 640 1150 690; x_wconf 89' lang='lat' dir='ltr'><strong>eris,</strong></span> <span class='ocrx_word' id='word_1_40' title='bbox 1184 640 1244 681; x_wconf 91' lang='lat' dir='ltr'><strong>sei</strong></span> <span class='ocrx_word' id='word_1_41' title='bbox 1275 640 1342 681; x_wconf 89' lang='lat' dir='ltr'><strong>dei</strong></span> <span class='ocrx_word' id='word_1_42' title='bbox 1376 640 1532 681; x_wconf 87' lang='lat' dir='ltr'><strong>volent.</strong></span> 
     </span>
     <span class='ocr_line' id='line_1_8' title="bbox 73 707 1704 764; baseline -0.001 -14"><span class='ocrx_word' id='word_1_43' title='bbox 73 709 189 764; x_wconf 91' lang='lat' dir='ltr'><strong>quod</strong></span> <span class='ocrx_word' id='word_1_44' title='bbox 215 709 250 750; x_wconf 91' lang='lat' dir='ltr'><strong>si</strong></span> <span class='ocrx_word' id='word_1_45' title='bbox 283 716 396 750; x_wconf 87' lang='lat' dir='ltr'><strong>recte</strong></span> <span class='ocrx_word' id='word_1_46' title='bbox 418 709 623 758; x_wconf 86' lang='lat' dir='ltr'><strong>fecerunt,</strong></span> <span class='ocrx_word' id='word_1_47' title='bbox 656 723 738 749; x_wconf 92' lang='lat' dir='ltr'><strong>non</strong></span> <span class='ocrx_word' id='word_1_48' title='bbox 761 707 1056 764; x_wconf 84' lang='lat' dir='ltr'><strong>improbabilis</strong></span> <span class='ocrx_word' id='word_1_49' title='bbox 1089 716 1151 749; x_wconf 81' lang='lat' dir='ltr'><strong>est</strong></span> <span class='ocrx_word' id='word_1_50' title='bbox 1174 708 1396 758; x_wconf 87' lang='lat' dir='ltr'><strong>sententia,</strong></span> <span class='ocrx_word' id='word_1_51' title='bbox 1429 708 1704 750; x_wconf 87' lang='lat' dir='ltr'><strong>Ambrosiani</strong></span> 
     </span>
     <span class='ocr_line' id='line_1_9' title="bbox 72 777 1359 832; baseline -0.002 -12"><span class='ocrx_word' id='word_1_52' title='bbox 72 785 354 820; x_wconf 84' lang='lat' dir='ltr'><strong>correctorem</strong></span> <span class='ocrx_word' id='word_1_53' title='bbox 387 785 430 817; x_wconf 77' lang='lat' dir='ltr'><strong>tu</strong></span> <span class='ocrx_word' id='word_1_54' title='bbox 461 777 704 825; x_wconf 85' lang='lat' dir='ltr'><strong>inseruisse,</strong></span> <span class='ocrx_word' id='word_1_55' title='bbox 738 787 781 818; x_wconf 90' lang='lat' dir='ltr'><strong>ut</strong></span> <span class='ocrx_word' id='word_1_56' title='bbox 812 777 926 818; x_wconf 91' lang='lat' dir='ltr'><strong>hunc</strong></span> <span class='ocrx_word' id='word_1_57' title='bbox 956 791 1129 818; x_wconf 88' lang='lat' dir='ltr'><strong>versum</strong></span> <span class='ocrx_word' id='word_1_58' title='bbox 1161 777 1359 832; x_wconf 86' lang='lat' dir='ltr'><strong>fingeret:</strong></span> 
     </span>
    </p>

    <p class='ocr_par' dir='ltr' id='par_1_5' title="bbox 72 844 1705 1175">
     <span class='ocr_line' id='line_1_10' title="bbox 188 844 1701 905; baseline -0.002 -17"><span class='ocrx_word' id='word_1_59' title='bbox 188 846 341 905; x_wconf 82' lang='lat' dir='ltr'><strong>Qui[n]</strong></span> <span class='ocrx_word' id='word_1_60' title='bbox 376 846 518 888; x_wconf 87' lang='lat' dir='ltr'><strong>hercle</strong></span> <span class='ocrx_word' id='word_1_61' title='bbox 552 845 812 887; x_wconf 78' lang='lat' dir='ltr'><strong>conlibertus</strong></span> <span class='ocrx_word' id='word_1_62' title='bbox 842 860 961 887; x_wconf 92' lang='lat' dir='ltr'><strong>meus</strong></span> <span class='ocrx_word' id='word_1_63' title='bbox 993 846 1095 886; x_wconf 83' lang='lat' dir='ltr'><strong>faxo</strong></span> <span class='ocrx_word' id='word_1_64' title='bbox 1127 853 1172 887; x_wconf 88' lang='lat' dir='ltr'><strong>tu</strong></span> <span class='ocrx_word' id='word_1_65' title='bbox 1205 845 1310 894; x_wconf 89' lang='lat' dir='ltr'><strong>eris,</strong></span> <span class='ocrx_word' id='word_1_66' title='bbox 1354 844 1412 886; x_wconf 87' lang='lat' dir='ltr'><strong>sei</strong></span> <span class='ocrx_word' id='word_1_67' title='bbox 1447 844 1515 886; x_wconf 88' lang='lat' dir='ltr'><strong>dei</strong></span> <span class='ocrx_word' id='word_1_68' title='bbox 1548 844 1701 886; x_wconf 79' lang='lat' dir='ltr'><strong>volent.</strong></span> 
     </span>
     <span class='ocr_line' id='line_1_11' title="bbox 74 913 1705 969; baseline -0.001 -12"><span class='ocrx_word' id='word_1_69' title='bbox 74 922 115 957; x_wconf 90' lang='lat' dir='ltr'><strong>et</strong></span> <span class='ocrx_word' id='word_1_70' title='bbox 144 930 197 957; x_wconf 89' lang='lat' dir='ltr'><strong>ne</strong></span> <span class='ocrx_word' id='word_1_71' title='bbox 229 916 274 956; x_wconf 90' lang='lat' dir='ltr'><strong>id</strong></span> <span class='ocrx_word' id='word_1_72' title='bbox 305 915 479 966; x_wconf 78' lang='lat' dir='ltr'><strong>quidem</strong></span> <span class='ocrx_word' id='word_1_73' title='bbox 511 913 761 956; x_wconf 87' lang='lat' dir='ltr'><strong>incredibile</strong></span> <span class='ocrx_word' id='word_1_74' title='bbox 794 923 855 955; x_wconf 85' lang='lat' dir='ltr'><strong>est</strong></span> <span class='ocrx_word' id='word_1_75' title='bbox 897 922 1177 956; x_wconf 84' lang='lat' dir='ltr'><strong>correctorem</strong></span> <span class='ocrx_word' id='word_1_76' title='bbox 1211 928 1400 962; x_wconf 83' lang='lat' dir='ltr'><strong>versum,</strong></span> <span class='ocrx_word' id='word_1_77' title='bbox 1443 928 1705 969; x_wconf 86' lang='lat' dir='ltr'><strong>quamquam</strong></span> 
     </span>
     <span class='ocr_line' id='line_1_12' title="bbox 73 981 1702 1038; baseline -0.002 -13"><span class='ocrx_word' id='word_1_78' title='bbox 73 984 304 1026; x_wconf 86' lang='lat' dir='ltr'><strong>trochaicis</strong></span> <span class='ocrx_word' id='word_1_79' title='bbox 334 984 609 1038; x_wconf 89' lang='lat' dir='ltr'><strong>interpositus</strong></span> <span class='ocrx_word' id='word_1_80' title='bbox 642 990 716 1032; x_wconf 89' lang='lat' dir='ltr'><strong>est,</strong></span> <span class='ocrx_word' id='word_1_81' title='bbox 749 982 1026 1037; x_wconf 82' lang='lat' dir='ltr'><strong>neglegenter</strong></span> <span class='ocrx_word' id='word_1_82' title='bbox 1058 997 1134 1037; x_wconf 89' lang='lat' dir='ltr'><strong>pro</strong></span> <span class='ocrx_word' id='word_1_83' title='bbox 1166 982 1350 1023; x_wconf 88' lang='lat' dir='ltr'><strong>iambico</strong></span> <span class='ocrx_word' id='word_1_84' title='bbox 1383 981 1559 1037; x_wconf 82' lang='lat' dir='ltr'><strong>legisse:</strong></span> <span class='ocrx_word' id='word_1_85' title='bbox 1597 981 1702 1033; x_wconf 78' lang='lat' dir='ltr'><strong>Quin</strong></span> 
     </span>
     <span class='ocr_line' id='line_1_13' title="bbox 72 1049 1701 1107; baseline -0.001 -14"><span class='ocrx_word' id='word_1_86' title='bbox 72 1053 198 1093; x_wconf 76' lang='lat' dir='ltr'><strong>he&#39;rcle</strong></span> <span class='ocrx_word' id='word_1_87' title='bbox 231 1067 261 1092; x_wconf 79' lang='lat' dir='ltr'><strong>e,</strong></span> <span class='ocrx_word' id='word_1_88' title='bbox 285 1067 322 1107; x_wconf 79' lang='lat' dir='ltr'><strong>q.</strong></span> <span class='ocrx_word' id='word_1_89' title='bbox 345 1067 373 1092; x_wconf 84' lang='lat' dir='ltr'><strong>s.</strong></span> <span class='ocrx_word' id='word_1_90' title='bbox 437 1051 615 1092; x_wconf 85' lang='lat' dir='ltr'><strong>alterum</strong></span> <span class='ocrx_word' id='word_1_91' title='bbox 656 1050 768 1090; x_wconf 92' lang='lat' dir='ltr'><strong>enim</strong></span> <span class='ocrx_word' id='word_1_92' title='bbox 814 1049 1058 1091; x_wconf 88' lang='lat' dir='ltr'><strong>huiusmodi</strong></span> <span class='ocrx_word' id='word_1_93' title='bbox 1098 1050 1252 1091; x_wconf 89' lang='lat' dir='ltr'><strong>erroris</strong></span> <span class='ocrx_word' id='word_1_94' title='bbox 1291 1050 1536 1105; x_wconf 85' lang='lat' dir='ltr'><strong>exemplum</strong></span> <span class='ocrx_word' id='word_1_95' title='bbox 1569 1058 1701 1100; x_wconf 84' lang='lat' dir='ltr'><strong>extat,</strong></span> 
     </span>
     <span class='ocr_line' id='line_1_14' title="bbox 76 1118 1246 1175; baseline -0.003 -13"><span class='ocrx_word' id='word_1_96' title='bbox 76 1120 191 1175; x_wconf 89' lang='lat' dir='ltr'><strong>quod</strong></span> <span class='ocrx_word' id='word_1_97' title='bbox 223 1120 295 1161; x_wconf 82' lang='lat' dir='ltr'><strong>vix</strong></span> <span class='ocrx_word' id='word_1_98' title='bbox 326 1120 409 1160; x_wconf 88' lang='lat' dir='ltr'><strong>alio</strong></span> <span class='ocrx_word' id='word_1_99' title='bbox 440 1119 568 1160; x_wconf 90' lang='lat' dir='ltr'><strong>modo</strong></span> <span class='ocrx_word' id='word_1_100' title='bbox 600 1118 793 1173; x_wconf 86' lang='lat' dir='ltr'><strong>expediri</strong></span> <span class='ocrx_word' id='word_1_101' title='bbox 825 1125 974 1172; x_wconf 85' lang='lat' dir='ltr'><strong>potest,</strong></span> <span class='ocrx_word' id='word_1_102' title='bbox 1007 1119 1129 1159; x_wconf 78' lang='lat' dir='ltr'><strong>Poen.</strong></span> <span class='ocrx_word' id='word_1_103' title='bbox 1164 1118 1246 1160; x_wconf 83' lang='lat'><strong>368</strong></span> 
     </span>
    </p>

    <p class='ocr_par' dir='ltr' id='par_1_6' title="bbox 75 1186 1709 1791">
     <span class='ocr_line' id='line_1_15' title="bbox 130 1186 1621 1244; baseline -0.001 -14"><span class='ocrx_word' id='word_1_104' title='bbox 130 1189 193 1230; x_wconf 89' lang='lat' dir='ltr'><strong>A:</strong></span> <span class='ocrx_word' id='word_1_105' title='bbox 228 1188 354 1230; x_wconf 90' lang='lat' dir='ltr'><strong>Mene</strong></span> <span class='ocrx_word' id='word_1_106' title='bbox 386 1203 464 1244; x_wconf 86' lang='lat' dir='ltr'><strong>ego</strong></span> <span class='ocrx_word' id='word_1_107' title='bbox 497 1195 720 1244; x_wconf 86' lang='lat' dir='ltr'><strong>praesente</strong></span> <span class='ocrx_word' id='word_1_108' title='bbox 751 1187 890 1242; x_wconf 88' lang='lat' dir='ltr'><strong>patiar</strong></span> <span class='ocrx_word' id='word_1_109' title='bbox 923 1187 1045 1227; x_wconf 87' lang='lat' dir='ltr'><strong>illaec</strong></span> <span class='ocrx_word' id='word_1_110' title='bbox 1078 1186 1193 1229; x_wconf 83' lang='lat' dir='ltr'><strong>dici?</strong></span> <span class='ocrx_word' id='word_1_111' title='bbox 1225 1187 1460 1228; x_wconf 90' lang='lat' dir='ltr'><strong>discrucior</strong></span> <span class='ocrx_word' id='word_1_112' title='bbox 1495 1187 1621 1228; x_wconf 89' lang='lat' dir='ltr'><strong>miser</strong></span> 
     </span>
     <span class='ocr_line' id='line_1_16' title="bbox 130 1255 1625 1312; baseline -0.001 -13"><span class='ocrx_word' id='word_1_113' title='bbox 130 1257 190 1299; x_wconf 87' lang='lat' dir='ltr'><strong>P:</strong></span> <span class='ocrx_word' id='word_1_114' title='bbox 221 1257 347 1299; x_wconf 89' lang='lat' dir='ltr'><strong>Mene</strong></span> <span class='ocrx_word' id='word_1_115' title='bbox 381 1271 461 1312; x_wconf 84' lang='lat' dir='ltr'><strong>ego</strong></span> <span class='ocrx_word' id='word_1_116' title='bbox 491 1256 614 1297; x_wconf 85' lang='lat' dir='ltr'><strong>illaec</strong></span> <span class='ocrx_word' id='word_1_117' title='bbox 646 1255 787 1310; x_wconf 87' lang='lat' dir='ltr'><strong>patiar</strong></span> <span class='ocrx_word' id='word_1_118' title='bbox 818 1261 1042 1310; x_wconf 85' lang='lat' dir='ltr'><strong>praesente</strong></span> <span class='ocrx_word' id='word_1_119' title='bbox 1074 1255 1193 1298; x_wconf 77' lang='lat' dir='ltr'><strong>dici?</strong></span> <span class='ocrx_word' id='word_1_120' title='bbox 1232 1256 1467 1297; x_wconf 87' lang='lat' dir='ltr'><strong>discrucior</strong></span> <span class='ocrx_word' id='word_1_121' title='bbox 1498 1256 1625 1297; x_wconf 91' lang='lat' dir='ltr'><strong>miser</strong></span> 
     </span>
     <span class='ocr_line' id='line_1_17' title="bbox 75 1324 1705 1380; baseline -0.001 -13"><span class='ocrx_word' id='word_1_122' title='bbox 75 1326 119 1367; x_wconf 92' lang='lat' dir='ltr'><strong>in</strong></span> <span class='ocrx_word' id='word_1_123' title='bbox 150 1325 194 1367; x_wconf 92' lang='lat' dir='ltr'>A</span> <span class='ocrx_word' id='word_1_124' title='bbox 229 1325 501 1380; x_wconf 85' lang='lat' dir='ltr'><strong>transpositio</strong></span> <span class='ocrx_word' id='word_1_125' title='bbox 531 1339 613 1366; x_wconf 89' lang='lat' dir='ltr'><strong>non</strong></span> <span class='ocrx_word' id='word_1_126' title='bbox 648 1332 734 1364; x_wconf 85' lang='lat' dir='ltr'><strong>tam</strong></span> <span class='ocrx_word' id='word_1_127' title='bbox 768 1338 893 1372; x_wconf 88' lang='lat' dir='ltr'><strong>casu,</strong></span> <span class='ocrx_word' id='word_1_128' title='bbox 926 1338 1055 1377; x_wconf 88' lang='lat' dir='ltr'><strong>quam</strong></span> <span class='ocrx_word' id='word_1_129' title='bbox 1087 1338 1136 1365; x_wconf 89' lang='lat' dir='ltr'><strong>eo</strong></span> <span class='ocrx_word' id='word_1_130' title='bbox 1170 1324 1345 1365; x_wconf 90' lang='lat' dir='ltr'><strong>consilio</strong></span> <span class='ocrx_word' id='word_1_131' title='bbox 1376 1325 1491 1365; x_wconf 88' lang='lat' dir='ltr'><strong>facta</strong></span> <span class='ocrx_word' id='word_1_132' title='bbox 1523 1339 1615 1366; x_wconf 90' lang='lat' dir='ltr'><strong>esse</strong></span> <span class='ocrx_word' id='word_1_133' title='bbox 1648 1326 1705 1366; x_wconf 89' lang='lat' dir='ltr'><strong>vi-</strong></span> 
     </span>
     <span class='ocr_line' id='line_1_18' title="bbox 81 1392 1707 1450; baseline -0.002 -14"><span class='ocrx_word' id='word_1_134' title='bbox 81 1394 217 1444; x_wconf 88' lang='lat' dir='ltr'><strong>detur,</strong></span> <span class='ocrx_word' id='word_1_135' title='bbox 251 1401 294 1435; x_wconf 90' lang='lat' dir='ltr'><strong>ut</strong></span> <span class='ocrx_word' id='word_1_136' title='bbox 318 1401 527 1450; x_wconf 73' lang='lat' dir='ltr'><strong>praesente</strong></span> <span class='ocrx_word' id='word_1_137' title='bbox 551 1407 647 1434; x_wconf 90' lang='lat' dir='ltr'><strong>cum</strong></span> <span class='ocrx_word' id='word_1_138' title='bbox 679 1407 789 1433; x_wconf 74' lang='lat' dir='ltr'><strong>mene</strong></span> <span class='ocrx_word' id='word_1_139' title='bbox 820 1392 952 1433; x_wconf 87' lang='lat' dir='ltr'><strong>artius</strong></span> <span class='ocrx_word' id='word_1_140' title='bbox 977 1392 1321 1448; x_wconf 84' lang='lat' dir='ltr'><strong>coniungeretur.</strong></span> <span class='ocrx_word' id='word_1_141' title='bbox 1373 1408 1543 1434; x_wconf 81' lang='lat' dir='ltr'><strong>versum</strong></span> <span class='ocrx_word' id='word_1_142' title='bbox 1567 1401 1707 1434; x_wconf 91' lang='lat' dir='ltr'><strong>autem</strong></span> 
     </span>
     <span class='ocr_line' id='line_1_19' title="bbox 77 1460 1708 1519; baseline -0.001 -15"><span class='ocrx_word' id='word_1_143' title='bbox 77 1462 148 1504; x_wconf 89' lang='lat' dir='ltr'><strong>hic</strong></span> <span class='ocrx_word' id='word_1_144' title='bbox 179 1476 349 1519; x_wconf 89' lang='lat' dir='ltr'><strong>quoque</strong></span> <span class='ocrx_word' id='word_1_145' title='bbox 380 1476 456 1517; x_wconf 92' lang='lat' dir='ltr'><strong>per</strong></span> <span class='ocrx_word' id='word_1_146' title='bbox 494 1461 657 1502; x_wconf 87' lang='lat' dir='ltr'><strong>iambos</strong></span> <span class='ocrx_word' id='word_1_147' title='bbox 691 1468 905 1501; x_wconf 86' lang='lat' dir='ltr'><strong>corrector</strong></span> <span class='ocrx_word' id='word_1_148' title='bbox 938 1460 1155 1502; x_wconf 90' lang='lat' dir='ltr'><strong>dimensus</strong></span> <span class='ocrx_word' id='word_1_149' title='bbox 1199 1475 1292 1502; x_wconf 86' lang='lat' dir='ltr'><strong>esse</strong></span> <span class='ocrx_word' id='word_1_150' title='bbox 1332 1461 1523 1502; x_wconf 87' lang='lat' dir='ltr'><strong>videtur:</strong></span> <span class='ocrx_word' id='word_1_151' title='bbox 1566 1460 1708 1511; x_wconf 90' lang='lat' dir='ltr'><strong>,Mene</strong></span> 
     </span>
     <span class='ocr_line' id='line_1_20' title="bbox 79 1529 1709 1587; baseline -0.001 -15"><span class='ocrx_word' id='word_1_152' title='bbox 79 1532 160 1587; x_wconf 77' lang='lat' dir='ltr'><strong>ego</strong></span> <span class='ocrx_word' id='word_1_153' title='bbox 191 1538 386 1586; x_wconf 87' lang='lat' dir='ltr'><strong>presente</strong></span> <span class='ocrx_word' id='word_1_154' title='bbox 416 1530 558 1585; x_wconf 87' lang='lat' dir='ltr'><strong>patiar</strong></span> <span class='ocrx_word' id='word_1_155' title='bbox 578 1529 703 1570; x_wconf 90' lang='lat' dir='ltr'><strong>illaec</strong></span> <span class='ocrx_word' id='word_1_156' title='bbox 736 1529 849 1571; x_wconf 82' lang='lat' dir='ltr'><strong>dici?</strong></span> <span class='ocrx_word' id='word_1_157' title='bbox 881 1529 1116 1570; x_wconf 88' lang='lat' dir='ltr'><strong>discrucior</strong></span> <span class='ocrx_word' id='word_1_158' title='bbox 1147 1529 1301 1573; x_wconf 85' lang='lat' dir='ltr'><strong>miser.‘</strong></span> <span class='ocrx_word' id='word_1_159' title='bbox 1363 1544 1440 1571; x_wconf 90' lang='lat' dir='ltr'><strong>nec</strong></span> <span class='ocrx_word' id='word_1_160' title='bbox 1472 1529 1514 1570; x_wconf 91' lang='lat' dir='ltr'><strong>in</strong></span> <span class='ocrx_word' id='word_1_161' title='bbox 1549 1529 1586 1570; x_wconf 89' lang='lat' dir='ltr'>P</span> <span class='ocrx_word' id='word_1_162' title='bbox 1615 1544 1709 1570; x_wconf 93' lang='lat' dir='ltr'><strong>con-</strong></span> 
     </span>
     <span class='ocr_line' id='line_1_21' title="bbox 81 1597 1331 1655; baseline -0.002 -14"><span class='ocrx_word' id='word_1_163' title='bbox 81 1599 218 1641; x_wconf 89' lang='lat' dir='ltr'><strong>simile</strong></span> <span class='ocrx_word' id='word_1_164' title='bbox 250 1599 496 1655; x_wconf 85' lang='lat' dir='ltr'><strong>exemplum</strong></span> <span class='ocrx_word' id='word_1_165' title='bbox 528 1598 647 1640; x_wconf 88' lang='lat' dir='ltr'><strong>deest</strong></span> <span class='ocrx_word' id='word_1_166' title='bbox 677 1613 716 1638; x_wconf 89' lang='lat' dir='ltr'><strong>v.</strong></span> <span class='ocrx_word' id='word_1_167' title='bbox 751 1597 873 1647; x_wconf 79' lang='lat'>1275,</span> <span class='ocrx_word' id='word_1_168' title='bbox 906 1597 1047 1651; x_wconf 91' lang='lat' dir='ltr'><strong>quode</strong></span> <span class='ocrx_word' id='word_1_169' title='bbox 1079 1597 1176 1638; x_wconf 90' lang='lat' dir='ltr'><strong>vide</strong></span> <span class='ocrx_word' id='word_1_170' title='bbox 1207 1597 1331 1639; x_wconf 85' lang='lat' dir='ltr'><strong>infra.</strong></span> 
     </span>
     <span class='ocr_line' id='line_1_22' title="bbox 193 1666 1253 1724; baseline -0.002 -14"><span class='ocrx_word' id='word_1_171' title='bbox 193 1668 332 1723; x_wconf 79' lang='lat' dir='ltr'><strong>Quem</strong></span> <span class='ocrx_word' id='word_1_172' title='bbox 363 1668 504 1709; x_wconf 90' lang='lat' dir='ltr'><strong>locum</strong></span> <span class='ocrx_word' id='word_1_173' title='bbox 536 1666 724 1724; x_wconf 82' lang='lat' dir='ltr'><strong>excipiat</strong></span> <span class='ocrx_word' id='word_1_174' title='bbox 755 1667 877 1707; x_wconf 77' lang='lat' dir='ltr'><strong>Poen.</strong></span> <span class='ocrx_word' id='word_1_175' title='bbox 913 1681 952 1706; x_wconf 78' lang='lat' dir='ltr'><strong>v.</strong></span> <span class='ocrx_word' id='word_1_176' title='bbox 986 1666 1108 1707; x_wconf 81' lang='lat'>1062.</span> <span class='ocrx_word' id='word_1_177' title='bbox 1143 1666 1253 1708; x_wconf 85' lang='lat'>1063</span> 
     </span>
     <span class='ocr_line' id='line_1_23' title="bbox 135 1736 1300 1791; baseline 0 -12"><span class='ocrx_word' id='word_1_178' title='bbox 135 1737 193 1779; x_wconf 88' lang='lat' dir='ltr'><strong>P:</strong></span> <span class='ocrx_word' id='word_1_179' title='bbox 227 1736 396 1791; x_wconf 87' lang='lat' dir='ltr'><strong>Ecquid</strong></span> <span class='ocrx_word' id='word_1_180' title='bbox 427 1736 658 1777; x_wconf 89' lang='lat' dir='ltr'><strong>meministi</strong></span> <span class='ocrx_word' id='word_1_181' title='bbox 689 1742 806 1776; x_wconf 90' lang='lat' dir='ltr'><strong>tuom</strong></span> <span class='ocrx_word' id='word_1_182' title='bbox 839 1743 1064 1790; x_wconf 87' lang='lat' dir='ltr'><strong>parentum</strong></span> <span class='ocrx_word' id='word_1_183' title='bbox 1094 1736 1300 1779; x_wconf 81' lang='lat' dir='ltr'><strong>nomina?</strong></span> 
     </span>
    </p>

    <p class='ocr_par' dir='ltr' id='par_1_7' title="bbox 79 1802 1710 1986">
     <span class='ocr_line' id='line_1_24' title="bbox 193 1802 1710 1858; baseline -0.002 -11"><span class='ocrx_word' id='word_1_184' title='bbox 193 1805 294 1849; x_wconf 80' lang='lat' dir='ltr'><strong>AG.</strong></span> <span class='ocrx_word' id='word_1_185' title='bbox 336 1805 478 1846; x_wconf 89' lang='lat' dir='ltr'><strong>Patris</strong></span> <span class='ocrx_word' id='word_1_186' title='bbox 516 1812 643 1858; x_wconf 90' lang='lat' dir='ltr'><strong>atque</strong></span> <span class='ocrx_word' id='word_1_187' title='bbox 680 1804 829 1845; x_wconf 88' lang='lat' dir='ltr'><strong>matris</strong></span> <span class='ocrx_word' id='word_1_188' title='bbox 868 1804 1055 1845; x_wconf 87' lang='lat' dir='ltr'><strong>memini.</strong></span> <span class='ocrx_word' id='word_1_189' title='bbox 1129 1802 1234 1846; x_wconf 85' lang='lat' dir='ltr'><strong>HA.</strong></span> <span class='ocrx_word' id='word_1_190' title='bbox 1272 1804 1565 1846; x_wconf 87' lang='lat' dir='ltr'><strong>memoradum</strong></span> <span class='ocrx_word' id='word_1_191' title='bbox 1607 1804 1710 1845; x_wconf 85' lang='lat' dir='ltr'><strong>mihi</strong></span> 
     </span>
     <span class='ocr_line' id='line_1_25' title="bbox 80 1872 1710 1929; baseline -0.002 -13"><span class='ocrx_word' id='word_1_192' title='bbox 80 1889 115 1916; x_wconf 91' lang='lat' dir='ltr'><strong>e.</strong></span> <span class='ocrx_word' id='word_1_193' title='bbox 145 1890 185 1929; x_wconf 86' lang='lat' dir='ltr'><strong>q.</strong></span> <span class='ocrx_word' id='word_1_194' title='bbox 217 1890 249 1916; x_wconf 88' lang='lat' dir='ltr'><strong>s.</strong></span> <span class='ocrx_word' id='word_1_195' title='bbox 285 1874 595 1915; x_wconf 83' lang='lat' dir='ltr'><strong>Ambrosianae</strong></span> <span class='ocrx_word' id='word_1_196' title='bbox 627 1873 886 1915; x_wconf 88' lang='lat' dir='ltr'><strong>recensionis</strong></span> <span class='ocrx_word' id='word_1_197' title='bbox 918 1880 1067 1915; x_wconf 89' lang='lat' dir='ltr'><strong>auctor</strong></span> <span class='ocrx_word' id='word_1_198' title='bbox 1095 1873 1225 1915; x_wconf 91' lang='lat' dir='ltr'><strong>aliam</strong></span> <span class='ocrx_word' id='word_1_199' title='bbox 1256 1888 1535 1929; x_wconf 89' lang='lat' dir='ltr'><strong>personarum</strong></span> <span class='ocrx_word' id='word_1_200' title='bbox 1573 1872 1710 1914; x_wconf 89' lang='lat' dir='ltr'><strong>distri-</strong></span> 
     </span>
     <span class='ocr_line' id='line_1_26' title="bbox 79 1943 495 1986; baseline -0.007 0"><span class='ocrx_word' id='word_1_201' title='bbox 79 1943 300 1986; x_wconf 90' lang='lat' dir='ltr'><strong>butionem</strong></span> <span class='ocrx_word' id='word_1_202' title='bbox 331 1943 495 1984; x_wconf 84' lang='lat' dir='ltr'><strong>invexit</strong></span> 
     </span>
    </p>

    <p class='ocr_par' dir='ltr' id='par_1_8' title="bbox 194 2010 1257 2067">
     <span class='ocr_line' id='line_1_27' title="bbox 194 2010 1257 2067; baseline -0.003 -13"><span class='ocrx_word' id='word_1_203' title='bbox 194 2013 367 2067; x_wconf 85' lang='lat' dir='ltr'><strong>Ecquid</strong></span> <span class='ocrx_word' id='word_1_204' title='bbox 397 2012 629 2054; x_wconf 87' lang='lat' dir='ltr'><strong>meministi</strong></span> <span class='ocrx_word' id='word_1_205' title='bbox 662 2019 778 2053; x_wconf 91' lang='lat' dir='ltr'><strong>tuom</strong></span> <span class='ocrx_word' id='word_1_206' title='bbox 811 2017 1038 2067; x_wconf 88' lang='lat' dir='ltr'><strong>parentum</strong></span> <span class='ocrx_word' id='word_1_207' title='bbox 1071 2010 1257 2061; x_wconf 86' lang='lat' dir='ltr'><strong>nomina,</strong></span> 
     </span>
    </p>

    <p class='ocr_par' dir='ltr' id='par_1_9' title="bbox 81 2078 1712 2260">
     <span class='ocr_line' id='line_1_28' title="bbox 192 2078 1675 2136; baseline -0.001 -14"><span class='ocrx_word' id='word_1_208' title='bbox 192 2081 333 2122; x_wconf 88' lang='lat' dir='ltr'><strong>Patris</strong></span> <span class='ocrx_word' id='word_1_209' title='bbox 364 2088 493 2136; x_wconf 89' lang='lat' dir='ltr'><strong>atque</strong></span> <span class='ocrx_word' id='word_1_210' title='bbox 525 2079 833 2123; x_wconf 71' lang='lat' dir='ltr'><strong>matriSP&#39;AGr.</strong></span> <span class='ocrx_word' id='word_1_211' title='bbox 866 2079 1053 2120; x_wconf 87' lang='lat' dir='ltr'><strong>memini.</strong></span> <span class='ocrx_word' id='word_1_212' title='bbox 1099 2079 1200 2120; x_wconf 87' lang='lat' dir='ltr'><strong>HA.</strong></span> <span class='ocrx_word' id='word_1_213' title='bbox 1233 2078 1528 2120; x_wconf 86' lang='lat' dir='ltr'><strong>memoradum</strong></span> <span class='ocrx_word' id='word_1_214' title='bbox 1560 2078 1675 2120; x_wconf 88' lang='lat' dir='ltr'><strong>mihi.</strong></span> 
     </span>
     <span class='ocr_line' id='line_1_29' title="bbox 81 2146 1712 2207; baseline -0.002 -17"><span class='ocrx_word' id='word_1_215' title='bbox 81 2149 217 2191; x_wconf 89' lang='lat' dir='ltr'><strong>simile</strong></span> <span class='ocrx_word' id='word_1_216' title='bbox 249 2157 313 2191; x_wconf 89' lang='lat' dir='ltr'><strong>est</strong></span> <span class='ocrx_word' id='word_1_217' title='bbox 345 2149 460 2207; x_wconf 89' lang='lat' dir='ltr'><strong>quod</strong></span> <span class='ocrx_word' id='word_1_218' title='bbox 489 2149 532 2190; x_wconf 92' lang='lat' dir='ltr'><strong>in</strong></span> <span class='ocrx_word' id='word_1_219' title='bbox 573 2149 606 2190; x_wconf 92' lang='lat' dir='ltr'>P</span> <span class='ocrx_word' id='word_1_220' title='bbox 638 2148 852 2190; x_wconf 88' lang='lat' dir='ltr'><strong>invenitur</strong></span> <span class='ocrx_word' id='word_1_221' title='bbox 890 2147 1136 2203; x_wconf 85' lang='lat' dir='ltr'><strong>exemplum</strong></span> <span class='ocrx_word' id='word_1_222' title='bbox 1170 2148 1292 2189; x_wconf 71' lang='lat' dir='ltr'><strong>Stich.</strong></span> <span class='ocrx_word' id='word_1_223' title='bbox 1325 2147 1428 2196; x_wconf 78' lang='lat'>342,</span> <span class='ocrx_word' id='word_1_224' title='bbox 1468 2147 1582 2201; x_wconf 90' lang='lat' dir='ltr'><strong>quod</strong></span> <span class='ocrx_word' id='word_1_225' title='bbox 1614 2146 1712 2187; x_wconf 89' lang='lat' dir='ltr'><strong>vide</strong></span> 
     </span>
     <span class='ocr_line' id='line_1_30' title="bbox 81 2218 204 2260; baseline 0 -1"><span class='ocrx_word' id='word_1_226' title='bbox 81 2218 204 2260; x_wconf 87' lang='lat' dir='ltr'><strong>infra.</strong></span> 
     </span>
    </p>

    <p class='ocr_par' dir='ltr' id='par_1_10' title="bbox 194 2284 1264 2340">
     <span class='ocr_line' id='line_1_31' title="bbox 194 2284 1264 2340; baseline -0.004 -12"><span class='ocrx_word' id='word_1_227' title='bbox 194 2287 329 2328; x_wconf 73' lang='lat' dir='ltr'><strong>Pseud</strong></span> <span class='ocrx_word' id='word_1_228' title='bbox 360 2286 434 2336; x_wconf 79' lang='lat'><strong>853</strong></span> <span class='ocrx_word' id='word_1_229' title='bbox 467 2287 519 2327; x_wconf 88' lang='lat' dir='ltr'><strong>cf.</strong></span> <span class='ocrx_word' id='word_1_230' title='bbox 552 2285 748 2327; x_wconf 83' lang='lat' dir='ltr'><strong>Loewius</strong></span> <span class='ocrx_word' id='word_1_231' title='bbox 780 2286 894 2327; x_wconf 76' lang='lat' dir='ltr'><strong>Anal</strong></span> <span class='ocrx_word' id='word_1_232' title='bbox 922 2286 1060 2326; x_wconf 75' lang='lat' dir='ltr'><strong>Plaut,</strong></span> <span class='ocrx_word' id='word_1_233' title='bbox 1092 2299 1133 2340; x_wconf 89' lang='lat' dir='ltr'><strong>p.</strong></span> <span class='ocrx_word' id='word_1_234' title='bbox 1170 2284 1264 2327; x_wconf 79' lang='lat'>155.</span> 
     </span>
    </p>

    <p class='ocr_par' dir='ltr' id='par_1_11' title="bbox 86 2352 1716 3025">
     <span class='ocr_line' id='line_1_32' title="bbox 140 2352 1579 2411; baseline -0.003 -15"><span class='ocrx_word' id='word_1_235' title='bbox 140 2356 204 2397; x_wconf 89' lang='lat' dir='ltr'><strong>A:</strong></span> <span class='ocrx_word' id='word_1_236' title='bbox 236 2355 398 2396; x_wconf 91' lang='lat' dir='ltr'><strong>Actum</strong></span> <span class='ocrx_word' id='word_1_237' title='bbox 430 2362 508 2396; x_wconf 89' lang='lat' dir='ltr'><strong>est</strong></span> <span class='ocrx_word' id='word_1_238' title='bbox 539 2355 597 2396; x_wconf 91' lang='lat' dir='ltr'><strong>de</strong></span> <span class='ocrx_word' id='word_1_239' title='bbox 630 2354 736 2411; x_wconf 90' lang='lat' dir='ltr'><strong>m[e</strong></span> <span class='ocrx_word' id='word_1_240' title='bbox 768 2354 939 2397; x_wconf 90' lang='lat' dir='ltr'><strong>hodie.</strong></span> <span class='ocrx_word' id='word_1_241' title='bbox 972 2354 1061 2395; x_wconf 91' lang='lat' dir='ltr'><strong>sed</strong></span> <span class='ocrx_word' id='word_1_242' title='bbox 1094 2352 1267 2409; x_wconf 85' lang='lat' dir='ltr'><strong>potes]</strong></span> <span class='ocrx_word' id='word_1_243' title='bbox 1299 2359 1354 2393; x_wconf 92' lang='lat' dir='ltr'><strong>tu</strong></span> <span class='ocrx_word' id='word_1_244' title='bbox 1386 2358 1579 2393; x_wconf 86' lang='lat' dir='ltr'><strong>mutuam</strong></span> 
     </span>
     <span class='ocr_line' id='line_1_33' title="bbox 231 2418 1648 2480; baseline -0.003 -15"><span class='ocrx_word' id='word_1_245' title='bbox 231 2423 517 2480; x_wconf 88' lang='lat' dir='ltr'><strong>Drach[mam</strong></span> <span class='ocrx_word' id='word_1_246' title='bbox 549 2423 671 2480; x_wconf 86' lang='lat' dir='ltr'><strong>da]re</strong></span> <span class='ocrx_word' id='word_1_247' title='bbox 704 2438 853 2464; x_wconf 86' lang='lat' dir='ltr'><strong>unam</strong></span> <span class='ocrx_word' id='word_1_248' title='bbox 884 2422 1017 2463; x_wconf 87' lang='lat' dir='ltr'><strong>mihi</strong></span> <span class='ocrx_word' id='word_1_249' title='bbox 1046 2436 1176 2476; x_wconf 89' lang='lat' dir='ltr'><strong>quam</strong></span> <span class='ocrx_word' id='word_1_250' title='bbox 1209 2435 1302 2462; x_wconf 89' lang='lat' dir='ltr'><strong>cras</strong></span> <span class='ocrx_word' id='word_1_251' title='bbox 1332 2420 1510 2462; x_wconf 86' lang='lat' dir='ltr'><strong>reddam</strong></span> <span class='ocrx_word' id='word_1_252' title='bbox 1543 2418 1648 2461; x_wconf 79' lang='lat' dir='ltr'><strong>tibi?</strong></span> 
     </span>
     <span class='ocr_line' id='line_1_34' title="bbox 138 2490 1709 2545; baseline -0.004 -11"><span class='ocrx_word' id='word_1_253' title='bbox 138 2491 198 2533; x_wconf 89' lang='lat' dir='ltr'><strong>P:</strong></span> <span class='ocrx_word' id='word_1_254' title='bbox 229 2490 391 2534; x_wconf 87' lang='lat' dir='ltr'><strong>Actum</strong></span> <span class='ocrx_word' id='word_1_255' title='bbox 424 2492 576 2533; x_wconf 90' lang='lat' dir='ltr'><strong>hodie</strong></span> <span class='ocrx_word' id='word_1_256' title='bbox 609 2493 709 2532; x_wconf 86' lang='lat' dir='ltr'><strong>iam</strong></span> <span class='ocrx_word' id='word_1_257' title='bbox 742 2491 802 2532; x_wconf 90' lang='lat' dir='ltr'><strong>de</strong></span> <span class='ocrx_word' id='word_1_258' title='bbox 832 2506 906 2532; x_wconf 89' lang='lat' dir='ltr'><strong>me</strong></span> <span class='ocrx_word' id='word_1_259' title='bbox 940 2496 1031 2531; x_wconf 90' lang='lat' dir='ltr'><strong>est.</strong></span> <span class='ocrx_word' id='word_1_260' title='bbox 1092 2490 1166 2531; x_wconf 90' lang='lat' dir='ltr'><strong>sed</strong></span> <span class='ocrx_word' id='word_1_261' title='bbox 1198 2496 1318 2545; x_wconf 89' lang='lat' dir='ltr'><strong>potes</strong></span> <span class='ocrx_word' id='word_1_262' title='bbox 1348 2502 1486 2529; x_wconf 90' lang='lat' dir='ltr'><strong>nunc</strong></span> <span class='ocrx_word' id='word_1_263' title='bbox 1518 2493 1709 2529; x_wconf 88' lang='lat' dir='ltr'><strong>mutuam</strong></span> 
     </span>
     <span class='ocr_line' id='line_1_35' title="bbox 237 2555 1648 2612; baseline -0.002 -11"><span class='ocrx_word' id='word_1_264' title='bbox 237 2560 530 2602; x_wconf 86' lang='lat' dir='ltr'><strong>Drachumam</strong></span> <span class='ocrx_word' id='word_1_265' title='bbox 562 2559 664 2601; x_wconf 89' lang='lat' dir='ltr'><strong>dare</strong></span> <span class='ocrx_word' id='word_1_266' title='bbox 696 2559 826 2600; x_wconf 85' lang='lat' dir='ltr'><strong>mihi</strong></span> <span class='ocrx_word' id='word_1_267' title='bbox 858 2573 1012 2600; x_wconf 89' lang='lat' dir='ltr'><strong>unam</strong></span> <span class='ocrx_word' id='word_1_268' title='bbox 1044 2573 1173 2612; x_wconf 90' lang='lat' dir='ltr'><strong>quam</strong></span> <span class='ocrx_word' id='word_1_269' title='bbox 1206 2572 1299 2599; x_wconf 87' lang='lat' dir='ltr'><strong>cras</strong></span> <span class='ocrx_word' id='word_1_270' title='bbox 1331 2556 1508 2598; x_wconf 87' lang='lat' dir='ltr'><strong>reddam</strong></span> <span class='ocrx_word' id='word_1_271' title='bbox 1540 2555 1648 2598; x_wconf 87' lang='lat' dir='ltr'><strong>tibi‘?</strong></span> 
     </span>
     <span class='ocr_line' id='line_1_36' title="bbox 92 2623 1712 2681; baseline -0.003 -12"><span class='ocrx_word' id='word_1_272' title='bbox 92 2628 135 2670; x_wconf 89' lang='lat' dir='ltr'><strong>in</strong></span> <span class='ocrx_word' id='word_1_273' title='bbox 167 2629 299 2671; x_wconf 88' lang='lat' dir='ltr'><strong>altero</strong></span> <span class='ocrx_word' id='word_1_274' title='bbox 331 2644 457 2670; x_wconf 88' lang='lat' dir='ltr'><strong>versu</strong></span> <span class='ocrx_word' id='word_1_275' title='bbox 499 2643 595 2669; x_wconf 90' lang='lat' dir='ltr'><strong>cum</strong></span> <span class='ocrx_word' id='word_1_276' title='bbox 626 2627 758 2668; x_wconf 85' lang='lat' dir='ltr'><strong>falsus</strong></span> <span class='ocrx_word' id='word_1_277' title='bbox 791 2627 864 2681; x_wconf 91' lang='lat' dir='ltr'><strong>qui</strong></span> <span class='ocrx_word' id='word_1_278' title='bbox 897 2628 938 2667; x_wconf 92' lang='lat' dir='ltr'><strong>in</strong></span> <span class='ocrx_word' id='word_1_279' title='bbox 980 2627 1013 2667; x_wconf 92' lang='lat' dir='ltr'>P</span> <span class='ocrx_word' id='word_1_280' title='bbox 1050 2632 1170 2668; x_wconf 83' lang='lat' dir='ltr'><strong>extat</strong></span> <span class='ocrx_word' id='word_1_281' title='bbox 1201 2626 1305 2667; x_wconf 90' lang='lat' dir='ltr'><strong>ordo</strong></span> <span class='ocrx_word' id='word_1_282' title='bbox 1331 2624 1557 2666; x_wconf 84' lang='lat' dir='ltr'><strong>verborum</strong></span> <span class='ocrx_word' id='word_1_283' title='bbox 1597 2623 1712 2665; x_wconf 90' lang='lat' dir='ltr'><strong>nullo</strong></span> 
     </span>
     <span class='ocr_line' id='line_1_37' title="bbox 86 2691 1711 2750; baseline -0.004 -12"><span class='ocrx_word' id='word_1_284' title='bbox 86 2697 212 2738; x_wconf 91' lang='lat' dir='ltr'><strong>modo</strong></span> <span class='ocrx_word' id='word_1_285' title='bbox 254 2712 278 2738; x_wconf 89' lang='lat' dir='ltr'><strong>a</strong></span> <span class='ocrx_word' id='word_1_286' title='bbox 318 2703 553 2738; x_wconf 88' lang='lat' dir='ltr'><strong>correctore</strong></span> <span class='ocrx_word' id='word_1_287' title='bbox 595 2696 849 2736; x_wconf 88' lang='lat' dir='ltr'><strong>constitutus</strong></span> <span class='ocrx_word' id='word_1_288' title='bbox 889 2709 979 2735; x_wconf 89' lang='lat' dir='ltr'><strong>esse</strong></span> <span class='ocrx_word' id='word_1_289' title='bbox 1017 2695 1149 2750; x_wconf 89' lang='lat' dir='ltr'><strong>possit</strong></span> <span class='ocrx_word' id='word_1_290' title='bbox 1186 2694 1287 2750; x_wconf 83' lang='lat' dir='ltr'><strong>(nisi</strong></span> <span class='ocrx_word' id='word_1_291' title='bbox 1327 2693 1422 2747; x_wconf 88' lang='lat' dir='ltr'><strong>quis</strong></span> <span class='ocrx_word' id='word_1_292' title='bbox 1462 2707 1559 2733; x_wconf 87' lang='lat' dir='ltr'><strong>eum</strong></span> <span class='ocrx_word' id='word_1_293' title='bbox 1598 2691 1711 2732; x_wconf 89' lang='lat' dir='ltr'><strong>sanis</strong></span> 
     </span>
     <span class='ocr_line' id='line_1_38' title="bbox 86 2759 1713 2818; baseline -0.004 -12"><span class='ocrx_word' id='word_1_294' title='bbox 86 2764 279 2806; x_wconf 85' lang='lat' dir='ltr'><strong>versibus</strong></span> <span class='ocrx_word' id='word_1_295' title='bbox 336 2767 378 2806; x_wconf 90' lang='lat' dir='ltr'><strong>in</strong></span> <span class='ocrx_word' id='word_1_296' title='bbox 425 2763 614 2806; x_wconf 87' lang='lat' dir='ltr'><strong>elumbes</strong></span> <span class='ocrx_word' id='word_1_297' title='bbox 661 2763 948 2818; x_wconf 81' lang='lat' dir='ltr'><strong>depravandis</strong></span> <span class='ocrx_word' id='word_1_298' title='bbox 995 2777 1168 2817; x_wconf 88' lang='lat' dir='ltr'><strong>operam</strong></span> <span class='ocrx_word' id='word_1_299' title='bbox 1210 2761 1379 2803; x_wconf 90' lang='lat' dir='ltr'><strong>dedisse</strong></span> <span class='ocrx_word' id='word_1_300' title='bbox 1416 2759 1713 2814; x_wconf 89' lang='lat' dir='ltr'><strong>contenderit),</strong></span> 
     </span>
     <span class='ocr_line' id='line_1_39' title="bbox 86 2827 1714 2883; baseline -0.004 -9"><span class='ocrx_word' id='word_1_301' title='bbox 86 2848 189 2875; x_wconf 88' lang='lat' dir='ltr'><strong>casu</strong></span> <span class='ocrx_word' id='word_1_302' title='bbox 209 2832 431 2874; x_wconf 86' lang='lat' dir='ltr'><strong>Palatinos</strong></span> <span class='ocrx_word' id='word_1_303' title='bbox 462 2833 571 2873; x_wconf 87' lang='lat' dir='ltr'><strong>hanc</strong></span> <span class='ocrx_word' id='word_1_304' title='bbox 602 2831 743 2873; x_wconf 85' lang='lat' dir='ltr'><strong>labem</strong></span> <span class='ocrx_word' id='word_1_305' title='bbox 775 2833 957 2873; x_wconf 85' lang='lat' dir='ltr'><strong>traxisse</strong></span> <span class='ocrx_word' id='word_1_306' title='bbox 989 2845 1135 2872; x_wconf 90' lang='lat' dir='ltr'><strong>omnes</strong></span> <span class='ocrx_word' id='word_1_307' title='bbox 1167 2830 1414 2872; x_wconf 89' lang='lat' dir='ltr'><strong>concedent.</strong></span> <span class='ocrx_word' id='word_1_308' title='bbox 1477 2829 1529 2870; x_wconf 90' lang='lat' dir='ltr'><strong>de</strong></span> <span class='ocrx_word' id='word_1_309' title='bbox 1562 2827 1714 2883; x_wconf 86' lang='lat' dir='ltr'><strong>prioris</strong></span> 
     </span>
     <span class='ocr_line' id='line_1_40' title="bbox 89 2896 1711 2956; baseline -0.004 -13"><span class='ocrx_word' id='word_1_310' title='bbox 89 2916 237 2943; x_wconf 83' lang='lat' dir='ltr'><strong>versus</strong></span> <span class='ocrx_word' id='word_1_311' title='bbox 261 2901 550 2956; x_wconf 88' lang='lat' dir='ltr'><strong>discrepantia</strong></span> <span class='ocrx_word' id='word_1_312' title='bbox 580 2899 778 2941; x_wconf 87' lang='lat' dir='ltr'><strong>Loewius</strong></span> <span class='ocrx_word' id='word_1_313' title='bbox 813 2899 872 2940; x_wconf 89' lang='lat' dir='ltr'><strong>sic</strong></span> <span class='ocrx_word' id='word_1_314' title='bbox 895 2899 1105 2954; x_wconf 89' lang='lat' dir='ltr'><strong>disputat:</strong></span> <span class='ocrx_word' id='word_1_315' title='bbox 1138 2897 1306 2947; x_wconf 86' lang='lat' dir='ltr'><strong>‚vocula</strong></span> <span class='ocrx_word' id='word_1_316' title='bbox 1336 2913 1438 2938; x_wconf 78' lang='lat' dir='ltr'><strong>nunc</strong></span> <span class='ocrx_word' id='word_1_317' title='bbox 1469 2911 1553 2937; x_wconf 91' lang='lat' dir='ltr'><strong>non</strong></span> <span class='ocrx_word' id='word_1_318' title='bbox 1574 2896 1711 2938; x_wconf 89' lang='lat' dir='ltr'><strong>minus</strong></span> 
     </span>
     <span class='ocr_line' id='line_1_41' title="bbox 86 2964 1716 3025; baseline -0.004 -14"><span class='ocrx_word' id='word_1_319' title='bbox 86 2978 184 3025; x_wconf 91' lang='lat' dir='ltr'><strong>apte</strong></span> <span class='ocrx_word' id='word_1_320' title='bbox 224 2976 414 3019; x_wconf 88' lang='lat' dir='ltr'><strong>caretur,</strong></span> <span class='ocrx_word' id='word_1_321' title='bbox 462 2984 592 3023; x_wconf 84' lang='lat' dir='ltr'><strong>quam</strong></span> <span class='ocrx_word' id='word_1_322' title='bbox 623 2968 658 3009; x_wconf 88' lang='lat' dir='ltr'><strong>si</strong></span> <span class='ocrx_word' id='word_1_323' title='bbox 696 2982 773 3008; x_wconf 88' lang='lat' dir='ltr'><strong>nos</strong></span> <span class='ocrx_word' id='word_1_324' title='bbox 814 2967 1044 3009; x_wconf 83' lang='lat' dir='ltr'><strong>vernacule</strong></span> <span class='ocrx_word' id='word_1_325' title='bbox 1083 2967 1282 3008; x_wconf 89' lang='lat' dir='ltr'><strong>dicimus:</strong></span> <span class='ocrx_word' id='word_1_326' title='bbox 1331 2966 1487 3006; x_wconf 84' lang='lat' dir='ltr'><strong>kannst</strong></span> <span class='ocrx_word' id='word_1_327' title='bbox 1524 2964 1596 3007; x_wconf 88' lang='lat' dir='ltr'><strong>Du</strong></span> <span class='ocrx_word' id='word_1_328' title='bbox 1635 2964 1716 3005; x_wconf 88' lang='lat' dir='ltr'><strong>mir</strong></span> 
     </span>
    </p>
   </div>
  </div>
 </body>
</html>
