2020 3278
1056 122 1133 169 112

279 264 393 305 modi
426 264 528 305 locis
561 278 742 318 usquam
775 265 1043 306 recensiones
1076 265 1333 319 discrepant.
1394 265 1467 305 sed
1501 265 1628 306 etiam
1661 265 1751 307 sine
1783 266 1904 307 metri

279 332 512 374 mutatione
545 332 800 387 aliquotiens
833 333 1000 374 codices
1030 341 1126 390 post
1158 347 1364 389 personae
1389 333 1624 374 discessum
1651 348 1902 376 scaenarum

283 401 599 443 distinctionem
639 402 864 457 praebent,
899 417 981 444 non
1021 403 1111 443 sine
1149 402 1348 458 graviore
1389 416 1518 443 causa
1556 417 1581 442 a
1617 402 1712 458 lege
1751 412 1906 445 cetero-

279 471 380 525 quin
413 471 642 512 observata
675 471 935 512 recedentes.
996 470 1114 512 velut
1145 470 1259 525 quod
1295 470 1409 526 Capt.
1436 469 1475 512 V
1499 470 1536 519 1,
1557 470 1611 511 32
1645 479 1738 525 post
1762 471 1904 512 Philo-

279 539 432 596 polemi
474 548 515 580 et
545 539 803 581 Philocratis
843 540 1006 582 abitum
1045 539 1256 595 Hegionis
1297 545 1339 580 et
1379 538 1592 598 Stalagmi
1631 538 1902 596 colloquium,

279 622 537 663 quamquam
562 610 792 664 septenarii
827 609 1141 658 continuantur,
1165 622 1275 649 nova
1298 622 1453 648 scaena
1476 607 1529 648 ab
1555 607 1905 650 antecedentibus

283 686 550 733 segregatur,
583 676 841 734 Spengelius
874 677 1212 733 ingeniosissime
1249 676 1346 717 inde
1385 676 1638 731 explicavit,
1677 677 1790 733 quod
1822 677 1905 719 alia

278 745 404 786 fuerit
427 746 786 796 antecedentium,
820 746 903 788 alia
925 746 1076 788 horum
1099 745 1439 800 septenariorum
1463 744 1698 786 modulatio
1721 747 1904 796 musica3

277 828 375 855 nam
414 828 512 855 cum
556 828 712 855 scaena
745 814 784 856 V
818 816 837 856 1
872 814 1116 856 bacchi-acis
1149 813 1428 865 tetrametris,
1473 813 1703 854 octonariis
1743 822 1785 855 et
1815 829 1904 870 sep-

277 881 450 922 tenariis
483 882 725 935 trochaicis,
759 882 866 924 haec
896 897 996 923 vero
1018 882 1117 924 solis
1150 881 1402 938 septenariis
1435 881 1647 932 decurrat,
1679 883 1829 923 mutati
1861 882 1905 923 in

277 950 358 991 hac
389 950 503 991 modi
535 950 686 992 musici
710 950 918 1006 aptissimi
949 958 1048 992 sunt
1059 964 1069 1004 ;
1105 965 1243 1007 neque
1275 951 1355 992 hoc
1378 949 1551 1007 quidem
1574 949 1904 1006 neglegendum,

278 1033 392 1060 nunc
430 1019 603 1061 demum
642 1019 932 1076 Stalagmum,
977 1020 1056 1061 etsi
1097 1033 1278 1061 scaenae
1309 1018 1351 1062 V
1381 1020 1402 1059 1
1444 1018 1529 1059 iam
1570 1018 1774 1069 interfuit,
1812 1033 1905 1073 pro-

277 1087 427 1128 cedere
474 1094 515 1129 et
551 1087 688 1144 loqui,
735 1095 781 1129 ut
818 1103 902 1129 una
950 1102 1045 1129 cum
1086 1088 1203 1130 abitu
1243 1087 1424 1130 duarum
1464 1101 1744 1142 personarum
1784 1087 1906 1144 quasi

276 1170 387 1196 nova
418 1155 460 1196 in
493 1170 691 1197 scaenam
727 1156 917 1211 prodeat.
958 1156 1085 1198 etiam
1107 1156 1279 1213 saepius
1312 1156 1384 1198 ubi
1417 1171 1502 1197 una
1536 1163 1700 1197 tantum
1723 1171 1906 1213 persona

276 1234 370 1280 post
410 1232 647 1266 ceterorum
694 1225 855 1267 abitum
895 1226 938 1267 in
978 1240 1133 1267 scaena
1179 1240 1403 1266 remanens
1447 1224 1606 1266 eisdem
1652 1224 1905 1280 septenariis

276 1293 504 1334 trochaicis
550 1293 667 1348 loqui
715 1294 868 1350 pergit,
919 1308 971 1335 ex
1022 1294 1155 1335 veteri
1202 1294 1407 1335 memoria
1453 1308 1565 1335 nova
1603 1307 1760 1335 scaena
1804 1293 1903 1334 inci-

276 1363 350 1418 pit.
418 1362 535 1403 velut
575 1362 672 1403 Aul.
710 1362 784 1403 ΙΙΙ
819 1363 847 1404 4
882 1364 943 1419 (ν.
979 1363 1082 1419 460)
1129 1378 1224 1405 cum
1265 1362 1454 1419 Congrio
1502 1362 1641 1413 abeat,
1686 1362 1905 1404 Euclionis

275 1431 473 1472 restantis
505 1431 758 1486 monologus
790 1431 957 1488 integra
989 1446 1143 1473 scaena
1175 1433 1429 1481 continetur,
1462 1446 1600 1488 neque
1632 1431 1754 1473 aliter
1788 1431 1902 1487 Capt.

275 1498 341 1540 IV
362 1500 388 1541 3
410 1500 533 1555 (901)
565 1499 790 1555 Ergasilus
823 1508 1048 1556 postquam
1071 1500 1314 1557 Hegionem
1345 1500 1573 1542 abeuntem
1607 1500 1749 1542 verbis
1772 1499 1903 1550 ,Bene

275 1569 448 1610 ambula
486 1576 526 1610 et
567 1569 832 1611 redambula‘
865 1576 1115 1626 prosecutus
1157 1577 1240 1619 est,
1273 1583 1384 1610 nova
1415 1583 1572 1610 scaena
1602 1569 1718 1623 loqui
1751 1568 1902 1625 pergit.

275 1637 443 1691 utrique
489 1644 632 1678 autem
681 1637 772 1679 loco
812 1638 989 1694 egregia
1034 1638 1225 1680 defensio
1269 1646 1443 1695 paratur
1481 1638 1649 1680 duobus
1697 1637 1904 1680 Pseuduli

274 1705 392 1756 locis,
426 1705 581 1763 quibus
612 1705 650 1747 P
682 1721 858 1748 scaenas
891 1707 1108 1749 distinent.

392 1775 539 1818 Pseud.
572 1774 621 1815 II
651 1775 676 1815 2
710 1775 832 1831 (665)
862 1775 1105 1817 Pseudulus
1137 1775 1392 1832 Harpagem
1432 1776 1625 1818 caculam
1663 1774 1730 1815 his
1762 1773 1904 1816 verbis

275 1842 565 1899 prosequitur:

1309 1900 1452 1956 Atque
1483 1901 1627 1954 audin,
1660 1900 1900 1956 Harpage‘?

385 1968 494 2010 Iube
526 1969 583 2011 sis
615 1978 655 2011 te
686 1969 860 2025 operiri:
895 1968 1044 2011 beatus
1077 1969 1171 2020 eris,
1203 1969 1237 2011 si
1270 1969 1587 2011 consudaveris.

277 2094 489 2128 instituitur
502 2096 627 2139 Amph.
643 2095 730 2129 1040
748 2093 826 2139 [vix
843 2094 949 2138 digni
967 2094 1029 2138 qui
1048 2096 1384 2128 commemorentur
1402 2097 1489 2128 sunt
1502 2094 1579 2129 546.
1592 2094 1688 2139 858}
1713 2094 1806 2127 Asin.
1823 2093 1889 2127 243

279 2152 357 2184 Aul.
392 2151 467 2186 105.
498 2152 575 2186 460.
606 2151 682 2186 580.
716 2151 791 2185 615.
825 2151 901 2185 677.
934 2150 1010 2185 803.
1043 2149 1134 2195 [265.
1168 2149 1260 2194 274.]
1309 2151 1417 2196 Epid.
1445 2152 1518 2185 161.
1544 2151 1621 2185 425.
1670 2150 1798 2184 Bacch.
1823 2150 1897 2184 229.

274 2208 351 2243 349.
382 2208 459 2243 913.
492 2207 588 2242 1067.
622 2207 727 2252 [795].
776 2207 881 2243 Most.
915 2208 967 2242 76.
999 2208 1074 2242 684.
1122 2208 1217 2241 Men.
1249 2209 1326 2243 442.
1357 2208 1433 2242 550.
1468 2208 1545 2242 668.
1578 2208 1654 2242 957.
1682 2206 1779 2241 1039.
1807 2206 1904 2241 1157.

278 2264 386 2310 [698].
447 2264 526 2298 Mil.
559 2265 648 2309 ylor.
683 2264 758 2298 259.
795 2264 871 2298 345.
908 2265 983 2301 586.
1017 2264 1094 2299 867.
1132 2264 1227 2299 1388.
1276 2265 1385 2299 Merc.
1418 2265 1495 2299 661.
1527 2264 1603 2299 789.
1663 2263 1791 2297 Pseud.
1827 2263 1903 2297 562.

276 2324 352 2357 759.
377 2322 455 2357 893.
503 2322 609 2356 Poen.
635 2321 711 2356 445.
742 2321 819 2356 810.
850 2321 926 2355 917.
977 2321 1084 2355 Stich.
1120 2321 1195 2357 266.
1228 2321 1303 2356 437.
1335 2322 1411 2356 497.
1437 2321 1512 2355 632.
1540 2319 1643 2365 [398]
1699 2320 1793 2353 Trin.
1824 2319 1901 2354 199.

275 2380 351 2414 591.
383 2379 458 2414 717.
522 2379 623 2412 Truc.
653 2378 728 2412 315.
761 2378 837 2412 335.
871 2378 947 2412 434.
982 2379 1057 2413 758.
1105 2378 1168 2421 qui
1194 2389 1286 2412 unus
1311 2380 1495 2422 repugnat
1520 2377 1622 2411 locus
1656 2387 1676 2410 a
1702 2375 1901 2420 Spengelio

275 2435 432 2469 omissus
461 2436 555 2469 Men.
571 2435 762 2475 876-888,
789 2435 1010 2469 correctoris
1028 2446 1179 2479 operam
1196 2434 1371 2475 ostendit,
1398 2435 1461 2478 qui
1480 2433 1655 2468 videlicet
1672 2432 1901 2467 Menaechmi

275 2495 312 2526 et
336 2492 434 2526 senis
459 2492 684 2535 subsequens
711 2491 949 2535 soliloquium
974 2503 1047 2525 una
1072 2502 1203 2525 scaena
1222 2501 1416 2535 perperam
1434 2489 1730 2535 comprehendit,
1757 2490 1802 2524 cf.
1819 2488 1902 2524 Rit-

275 2549 405 2584 schelii
430 2549 512 2583 adn.
538 2548 584 2582 ad
608 2548 645 2584 V
662 2549 692 2583 3.
730 2549 831 2583 locos
856 2549 952 2591 illos,
978 2548 1121 2592 quibus,
1147 2559 1230 2582 cum
1255 2558 1413 2592 persona
1437 2546 1645 2587 decesserit,
1671 2547 1718 2580 ob
1743 2549 1902 2580 metrum

276 2608 459 2639 mutatum
473 2616 606 2639 novam
620 2617 789 2639 scaenam
803 2605 948 2640 codices
968 2604 1175 2645 ordiuntur,
1194 2604 1371 2638 collectos
1392 2604 1535 2638 invenis
1549 2602 1647 2648 apud
1660 2602 1902 2647 Spengelium

276 2663 299 2696 l.
325 2673 355 2696 c.
372 2674 406 2707 p.
428 2662 628 2697 273—277.
655 2673 673 2696 e
693 2662 825 2705 quibus
851 2673 912 2696 eos
939 2661 1063 2703 affero,
1089 2661 1223 2705 quibus
1249 2663 1404 2705 utraque
1429 2660 1596 2695 recensio
1622 2659 1901 2694 distinctionem

276 2729 490 2754 scaenarum
516 2718 696 2752 servavit:
722 2719 852 2752 Bacch.
878 2717 939 2752 111
963 2720 984 2752 4
1010 2718 1116 2761 (500).
1165 2719 1262 2752 Pers.
1287 2716 1347 2752 IV
1371 2718 1392 2751 5
1420 2717 1527 2762 (673).
1575 2716 1682 2750 Poen.
1707 2714 1726 2749 I
1750 2716 1772 2750 3
1794 2715 1900 2759 (410).

277 2776 404 2810 Pseud.
441 2775 459 2809 I
483 2775 505 2810 4
528 2776 632 2819 (394).
683 2775 773 2809 Rud.
807 2773 868 2808 111
897 2777 934 2816 4,
965 2776 1009 2810 75
1039 2774 1149 2818 (780).
1206 2775 1301 2809 Τνὶη.
1329 2773 1370 2808 II
1394 2774 1415 2808 3
1438 2774 1544 2819 (392),
1571 2773 1634 2807 ubi
1674 2772 1712 2806 in
1748 2772 1779 2806 B
1815 2783 1901 2806 casu

277 2832 469 2867 distinctio
495 2833 657 2867 evanuit.
705 2834 897 2877 praeterea
930 2831 1097 2865 conferas
1123 2831 1235 2866 velim
1268 2842 1359 2874 quae
1389 2831 1427 2864 in
1452 2830 1482 2865 P
1508 2829 1596 2864 solis
1622 2831 1789 2863 servatae
1814 2830 1899 2861 sunt

277 2889 533 2923 memorabiles
561 2889 816 2933 genuinaeque
832 2890 910 2922 sine
936 2887 1049 2922 dubio
1067 2879 1220 2922 scaenae
1238 2887 1445 2921 disiunctae
1463 2887 1542 2920 Mil.
1560 2886 1649 2931 ylor.
1663 2885 1722 2920 IV
1734 2885 1755 2919 3
1770 2885 1901 2928 (10:³4).

278 2945 405 2980 Bacch.
432 2945 488 2980 IV
504 2947 526 2980 5
549 2945 654 2989 (761).
705 2945 808 2978 Most.
830 2945 897 2978 409
920 2944 1159 2988 (Spengelius
1186 2944 1208 2978 l.
1235 2955 1263 2977 c.
1289 2955 1323 2988 p.
1348 2944 1438 2985 275).
1492 2942 1587 2976 Trin.
1614 2942 1690 2977 998.
