2020 3278
1072 150 1125 192 76

288 284 436 325 eadem
468 285 628 325 ratione
663 285 781 326 vides
813 293 1027 327 auctorem
1059 286 1282 328 Palatinae
1315 288 1572 329 recensionis
1604 289 1910 331 correctionem

287 352 533 395 instituisse.
569 368 706 407 neque
739 354 862 394 aliter
908 370 951 396 se
983 355 1111 396 habet
1143 357 1232 398 Mil.
1263 357 1361 411 qlor.
1395 356 1461 405 24,
1501 357 1574 411 qui
1609 372 1755 399 versus
1786 358 1828 398 in
1861 357 1910 406 P,

288 422 455 462 omissis
487 421 744 478 quibusdam
774 422 1004 465 levioribus
1036 424 1302 479 corruptelis,
1335 425 1395 465 sic
1426 424 1623 468 traditus:

400 489 496 531 Nisi
518 505 652 532 unum
673 491 887 547 epityrum
910 492 1024 547 apud
1047 492 1168 534 illum
1190 501 1305 534 estur
1328 493 1477 535 insane
1500 493 1608 536 bene

287 558 566 600 aRitschelio
603 560 675 615 Op.
700 560 802 615 phil.
834 559 920 602 III.
953 576 992 616 p.
1025 561 1106 604 792
1136 562 1385 604 emendatus
1417 569 1497 604 est:

399 627 497 669 Nisi
528 643 659 669 unum
690 628 904 683 epityrum
935 629 997 670 illi
1029 637 1144 672 estur
1176 630 1326 671 insane
1359 630 1478 673 bene.

287 695 442 737 etenim
457 695 571 750 quod
594 696 760 738 codices
792 697 998 752 praebent
1015 700 1126 754 apud
1148 700 1274 749 illam,
1296 714 1373 754 pro
1389 699 1645 756 glossemate
1668 699 1911 740 habendum

287 778 377 805 esse
415 764 509 806 voci
545 766 608 805 illi
636 765 872 822 adscripto,
910 781 1047 821 paene
1085 775 1245 808 certum
1280 774 1353 810 est.
1414 768 1495 809 hoc
1536 783 1639 810 sane
1671 767 1911 809 mirandum

289 840 369 883 est,
402 833 516 888 quod
547 848 685 888 neque
724 835 764 875 in
797 835 840 875 A
872 835 926 890 (si
957 835 1083 877 modo
1115 836 1263 891 spatiis
1310 836 1547 878 litterarum
1593 835 1912 892 deperditarum

287 902 498 944 confidere
529 902 658 959 licet),
692 917 830 957 neque
862 903 977 958 apud
999 903 1239 948 Varronem
1272 906 1321 946 (le
1352 906 1375 946 l.
1399 905 1468 949 lat.
1491 904 1585 947 VII
1607 906 1661 946 86
1684 903 1912 946 verborum

287 972 400 1026 apud
451 972 565 1012 illum
619 971 686 1013 vel
740 973 803 1013 illi
854 972 1083 1029 vestigium
1142 980 1346 1028 superest.
1435 973 1546 1014 Truc.
1587 972 1670 1015 579
1729 980 1912 1028 utraque

287 1038 498 1093 scriptura
528 1039 657 1081 simili
688 1041 814 1082 modo
861 1047 987 1095 atque
1019 1041 1060 1082 in
1094 1041 1300 1083 Pseuduli
1341 1057 1466 1084 versu
1505 1041 1662 1083 tradita
1699 1050 1781 1095 est3
1828 1055 1912 1097 quo

287 1122 413 1150 versu
447 1122 543 1149 cum
575 1108 612 1150 P
642 1109 940 1164 (Ambrosiani
972 1110 1182 1167 scriptura
1209 1118 1392 1151 aetatem
1424 1126 1508 1152 non
1532 1110 1646 1165 tulit)
1679 1108 1912 1166 praebeant

285 1176 353 1229 ,ad
386 1186 426 1217 te
456 1177 566 1218 ferre
598 1192 664 1218 me
697 1178 817 1219 iussit
849 1177 924 1220 tibi
955 1178 1108 1232 Dona‘‚
1143 1178 1195 1220 de
1233 1179 1434 1221 eiciendis
1476 1178 1618 1221 verbis
1651 1180 1707 1219 ad
1744 1187 1796 1228 te,
1837 1177 1910 1233 qui

288 1245 487 1287 videlicet
518 1246 573 1288 ad
605 1247 678 1288 tibi
707 1246 1068 1302 interpretationis
1101 1262 1231 1289 causa
1263 1247 1396 1289 additi
1429 1257 1540 1298 sunt,
1573 1263 1697 1289 nemo
1729 1246 1909 1299 dubitat,

291 1314 487 1370 quamvis
528 1314 579 1356 de
622 1330 746 1357 versu
777 1315 1041 1357 restituendo
1081 1315 1335 1372 ambigatur.
1396 1317 1550 1366 simile,
1591 1316 1666 1358 sed
1705 1316 1820 1357 idem
1852 1315 1910 1356 di-

287 1396 458 1424 versum
492 1394 567 1433 cst,
601 1383 712 1440 quod
744 1384 1059 1440 perspicuitatis
1093 1400 1223 1426 causa
1251 1386 1361 1426 Pers.
1380 1386 1463 1428 576
1496 1385 1670 1442 quidam
1701 1399 1910 1442 gramma-

286 1450 393 1492 ticus
426 1452 480 1493 ad
501 1454 659 1493 adduco
690 1453 855 1494 addidit
887 1455 942 1494 ad
967 1462 1013 1504 te,
1035 1468 1119 1508 quo
1141 1453 1265 1495 facile
1288 1462 1468 1495 caretur.
1500 1469 1585 1495 non
1607 1453 1758 1510 magis,
1782 1467 1910 1509 quam

287 1519 366 1561 hoc
398 1535 524 1563 versu
572 1521 749 1563 verbum
783 1522 966 1571 ferendi,
1007 1531 1220 1564 corrector
1267 1522 1440 1579 quidam
1487 1522 1666 1564 verbum
1706 1521 1911 1563 afferendi

287 1603 384 1630 cum
432 1589 577 1631 dativo
616 1605 823 1646 personae
864 1591 1138 1634 coniunctum
1177 1591 1373 1633 toleravit
1412 1607 1451 1632 V.
1494 1592 1605 1632 Pers.
1638 1591 1744 1640 498,
1791 1589 1911 1632 cuius

287 1661 604 1716 anapaesticam
628 1675 872 1703 mensuram
902 1660 1028 1702 hodie
1060 1661 1134 1701 vix
1157 1659 1385 1717 quisquam
1410 1658 1693 1701 addubitabit.
1754 1658 1911 1714 glosse-

287 1736 398 1769 mate
432 1735 572 1770 autem
605 1739 752 1770 auctus
783 1729 826 1769 in
858 1729 894 1770 P
926 1729 986 1770 sic.
1017 1729 1191 1785 legitur:

403 1794 517 1838 Nam
556 1810 577 1836 e
616 1796 765 1838 Persia
809 1797 864 1838 ad
907 1813 973 1839 me
1006 1797 1161 1839 allatae
1201 1797 1326 1838 modo
1364 1804 1463 1838 sunt
1502 1796 1609 1838 istae
1652 1811 1677 1837 a
1719 1811 1812 1837 meo
1842 1796 1911 1837 do-

1036 1865 1164 1907 mino.
1186 1865 1202 1922 ΙΙ
1225 1865 1424 1922 quando?
1445 1865 1462 1922 Η
1485 1865 1600 1907 haud
1633 1864 1807 1908 dudum.

285 1932 327 1974 in
358 1934 402 1974 A
434 1942 551 1975 extat

400 2001 514 2044 Nam
553 2017 606 2043 ex
651 2002 801 2044 Persia
839 2012 934 2045 sunt
974 2003 1104 2043 istaec
1144 2002 1312 2044 adlatae
1351 2002 1453 2043 mihi
1473 2033 1675 2045 ........
1708 2001 1911 2058 quando?

1100 2071 1214 2112 haud
1245 2070 1407 2113 dudum

288 2139 409 2182 cuius
441 2146 488 2181 ut
519 2139 688 2195 integra
720 2139 931 2195 scriptura
954 2139 1195 2197 indagetur,
1227 2139 1521 2195 respiciendus
1553 2147 1615 2181 est
1646 2154 1793 2181 versus
1815 2139 1911 2188 461,

289 2223 414 2265 quem
447 2223 542 2250 cum
576 2208 926 2250 antecedentibus
958 2208 999 2249 in
1032 2209 1068 2249 P
1107 2209 1178 2264 (de
1210 2209 1252 2250 A
1285 2209 1390 2250 nihil
1420 2209 1587 2263 notum)
1618 2208 1679 2249 sic
1709 2208 1910 2264 legimus:

401 2277 484 2320 459
516 2276 767 2333 Sagaristio,
797 2277 915 2330 heus⁷
949 2277 1017 2318 exi
1050 2286 1177 2333 atque
1209 2277 1342 2319 educe
1374 2277 1585 2333 virginem

402 2346 485 2387 460
516 2345 572 2386 Et
603 2346 707 2386 istas
739 2345 928 2399 tabellas,
963 2361 1069 2402 quas
1101 2345 1349 2402 consignavi
1381 2346 1471 2399 tibi,

407 2415 483 2456 146
515 2413 634 2468 Quas
666 2422 710 2455 tu
743 2414 921 2455 attulisti
954 2414 1054 2454 mihi
1087 2413 1141 2455 ab
1172 2429 1244 2455 ero
1276 2429 1370 2455 meo
1401 2428 1536 2470 usque
1569 2428 1590 2454 e
1618 2413 1775 2455 Persia.

288 2482 358 2523 ubi
393 2497 489 2523 cum
522 2483 687 2524 tabellas
718 2484 878 2523 educere
908 2482 1078 2524 tolerari
1111 2497 1194 2524 non
1228 2497 1351 2537 posse
1389 2482 1646 2523 Ritschelius
1679 2480 1912 2522 rectissime

288 2551 461 2593 sentiret
478 2552 525 2606 1),
560 2551 714 2606 eofer‘2)
755 2551 822 2592 vel
855 2552 976 2607 adfer
1006 2550 1190 2600 addidit,
1224 2550 1371 2592 deletis
1404 2549 1545 2591 verbis
1577 2550 1627 2590 ab
1659 2564 1723 2590 ero
1754 2564 1837 2590 meo
1867 2556 1913 2590 ut

406 2678 431 2719 ¹)
458 2675 587 2720 Quode
610 2675 640 2710 si
662 2686 764 2710 secus
790 2676 871 2718 quis
897 2675 1126 2717 iudicaverit,
1152 2675 1320 2710 conferat
1345 2675 1457 2710 velim
1483 2675 1610 2709 Pseud.
1637 2675 1699 2709 711

493 2732 618 2767 Attuli
657 2732 764 2766 hunc.
790 2731 800 2775 Η
825 2732 938 2776 quid?
977 2732 1218 2766 attulisti?
1245 2732 1255 2776 ΙΙ
1280 2730 1451 2765 adduxi
1490 2731 1591 2765 volui
1628 2730 1768 2772 dicere,

290 2790 386 2825 unde
404 2801 510 2834 quam
529 2789 729 2834 diligenter
746 2789 943 2823 verborum
962 2789 1135 2823 adducere
1153 2791 1190 2822 et
1206 2789 1349 2832 adferre
1367 2787 1677 2833 significationem
1698 2785 1915 2821 distinuerit

288 2850 410 2892 poeta,
442 2847 581 2891 optime
607 2846 862 2890 cognoscitur:
898 2858 973 2880 non
998 2846 1115 2890 igitur
1140 2845 1219 2879 veri
1244 2847 1299 2892 est
1324 2844 1455 2886 simile,
1493 2855 1574 2878 eum
1600 2844 1698 2878 Pers.
1724 2844 1788 2878 461
1814 2842 1912 2876 idem

289 2904 421 2938 vitium
447 2903 647 2945 admisisse,
673 2903 771 2946 quod
796 2901 973 2936 Pseuduli
999 2903 1080 2936 loco
1108 2901 1264 2937 deridet.

402 2971 430 3014 ²)
454 2970 508 3005 Cf.
534 2971 662 3005 Bacch.
690 2971 764 3005 714.
