2020 3278
896 122 947 163 77

100 256 364 313 interpolatis
398 256 609 299 videlicet.
672 270 721 297 ea
752 271 853 298 vero
884 256 965 297 nisi
998 270 1019 297 e
1050 270 1176 297 versu
1208 256 1303 310 498,
1347 257 1400 298 de
1432 272 1516 313 quo
1548 259 1726 314 agimus,

103 325 275 366 aliunde
307 324 531 365 arcessitos
563 340 646 365 non
679 339 769 365 esse
801 324 1081 379 probabiliter
1113 325 1289 381 colligas
1331 340 1383 366 ex
1416 326 1653 369 litterarum
1686 328 1727 368 in

99 394 143 435 A
188 392 504 449 deperditarum
553 393 715 448 spatiis,
763 393 804 433 in
837 407 945 449 quae
985 394 1034 433 ab
1075 409 1139 434 ero
1176 408 1261 434 meo
1291 393 1448 449 optime
1496 395 1728 451 quadrant3

101 475 281 517 quorum
329 461 420 502 loco
458 462 501 502 in
540 461 577 502 P
609 462 765 517 legitur
805 478 829 500 (ι,
859 476 944 502 meo
975 463 1150 502 domiuo.
1213 462 1346 503 altera
1379 462 1621 504 differentia
1653 472 1728 515 est,

100 529 214 585 quod
247 529 288 570 in
321 530 365 570 A
397 530 562 570 adlatae
592 531 703 578 mihi,
736 530 777 570 in
811 530 847 570 P
877 531 934 569 acl
962 545 1024 570 me
1055 532 1231 581 adlatae,
1264 545 1312 571 ac
1345 531 1524 573 diversis
1557 533 1727 587 quidem

99 611 248 639 versus
279 598 396 647 locis,
430 598 597 653 legitur.
644 597 717 639 ubi
750 598 792 638 in
823 597 859 639 P
890 604 1104 640 structura
1135 598 1290 640 Plauto
1330 600 1608 642 usitatissima
1641 602 1727 651 ,ad-

99 666 210 707 ferre
242 666 484 721 epistulam,
518 666 714 716 tabellas,
748 668 841 708 sim.
874 666 936 707 ad
968 666 1218 721 aliquem‘
1250 668 1444 710 restituta
1476 676 1559 719 est,
1600 685 1728 726 quam

99 741 241 775 tamen
265 735 516 776 correctoris
541 736 809 776 coniecturae
841 734 987 776 deberi
1012 735 1217 786 locorum,
1250 752 1356 793 quos
1385 749 1511 779 antea
1533 740 1728 788 tractavi,

102 803 364 857 comparatio
398 803 576 853 evincit,
610 804 815 845 rariorem
848 811 1103 846 structuram
1143 805 1326 855 ‚adferre
1358 805 1536 848 tabellas
1571 808 1725 861 alicui‘,

98 885 227 924 quam
258 872 302 912 A
333 872 523 927 praebet,
557 872 811 913 confirmant
842 887 874 916 e.
907 887 948 927 g.
982 873 1092 915 Pers
1124 873 1220 923 461,
1252 889 1379 930 quem
1424 890 1554 931 supra
1585 876 1728 927 citavi,

102 938 213 981 Cure.
245 939 340 982 433.
386 941 533 983 Pseud.
566 941 664 984 373.
704 942 854 982 Bacch.
898 942 991 983 787.
1030 950 1294 998 quapropter
1340 942 1622 998 improbanda
1668 952 1730 986 est

98 1008 317 1064 Spengelii
341 1010 462 1059 ratio,
495 1009 567 1063 qui
593 1011 648 1050 ad
668 1026 730 1050 me
752 1010 795 1051 in
823 1009 1158 1051 Ambrosianam
1181 1011 1472 1053 recensionem
1498 1013 1728 1063 transtulit,

101 1077 431 1133 Reformvorscltl.
466 1093 505 1133 p.
537 1077 620 1119 246
652 1078 765 1119 hunc
798 1093 967 1119 versum
1001 1079 1284 1120 constituens:

210 1156 325 1199 Nam
347 1172 401 1198 ex
424 1157 573 1199 Persia
596 1166 694 1200 sunt
715 1158 847 1199 istaec
870 1158 1039 1199 adlatae
1069 1158 1124 1199 ad
1146 1174 1213 1200 me
1236 1159 1289 1200 ab
1313 1174 1383 1201 ero
1406 1160 1529 1202 meo?
1559 1161 1576 1219 Η
1599 1177 1728 1219 quan-

912 1227 996 1270 do‘?
1018 1226 1034 1284 Η
1056 1227 1143 1268 hau
1174 1227 1335 1269 dudum

97 1308 359 1350 quamquam
391 1296 480 1336 sine
512 1295 600 1337 ulla
631 1295 865 1337 mutatione
897 1295 1022 1337 edere
1054 1302 1218 1352 poterat
1251 1295 1434 1346 ‚adlatae
1465 1296 1523 1338 mi
1555 1297 1610 1339 ab
1642 1306 1729 1341 ero‘

98 1376 132 1405 e.
156 1377 196 1416 q.
228 1377 258 1406 S.
292 1363 406 1419 quod
446 1378 546 1405 vero
586 1365 735 1405 attinet
776 1364 829 1405 ad
870 1365 1046 1406 alteram
1085 1365 1391 1416 recensionem,
1434 1366 1555 1407 metri
1586 1369 1726 1422 gratia

97 1430 200 1472 ordo
232 1432 462 1474 verborum
494 1433 608 1474 haud
639 1433 909 1474 mediocriter
939 1433 1187 1475 immutatus
1220 1441 1303 1484 est,
1336 1434 1369 1474 si
1403 1435 1574 1490 quidem
1607 1436 1728 1478 Pala-

98 1499 282 1541 tinorum
314 1516 486 1542 versum
518 1503 580 1543 sic
611 1509 724 1543 recte
757 1501 955 1544 emendo:

211 1579 326 1622 Nam
359 1596 412 1622 ex
446 1580 596 1622 Persia
634 1581 689 1622 ad
722 1597 788 1623 me
821 1581 990 1623 adlatae
1029 1589 1127 1624 sunt
1164 1582 1271 1623 istae
1304 1597 1329 1623 a
1367 1576 1467 1624 nie-(3
1504 1584 1688 1630 domino.
1719 1587 1729 1642 Η

916 1650 1120 1707 quando?
1141 1651 1150 1706 ΙΙ
1173 1650 1260 1691 hali
1282 1651 1456 1695 dudum.

100 1726 240 1769 delevi
272 1728 403 1783 igitur
433 1730 564 1779 modo,
596 1728 710 1785 quod
742 1729 998 1785 Spengelius
1029 1745 1113 1772 non
1157 1731 1425 1782 sollicitavit,
1467 1748 1728 1791 quamquam

101 1795 195 1851 ipsa
228 1796 492 1851 subsequens
524 1797 801 1854 interrogatio
826 1798 1014 1854 quando?
1047 1799 1355 1842 dilucidissime
1379 1802 1654 1854 demonstrat,
1685 1805 1729 1845 in

100 1864 369 1906 antecedenti
411 1867 630 1907 enuntiato
667 1866 729 1907 illi
761 1866 890 1908 verbo
934 1868 1075 1909 locum
1114 1868 1278 1910 nullum
1318 1884 1430 1920 esse3
1477 1872 1592 1926 quod
1629 1887 1729 1926 quo-

101 1932 226 1974 modo
275 1934 317 1975 in
364 1949 533 1975 versum
582 1934 806 1985 invaserit,
853 1936 896 1976 in
943 1937 1170 1993 propatulo
1202 1945 1286 1992 est3
1334 1939 1414 1980 fuit
1460 1940 1572 1981 enim
1604 1940 1728 1982 inter-

98 2001 346 2057 pretationis
382 2016 512 2044 causa
559 2003 613 2044 ad
645 2004 725 2044 lzau
757 2005 912 2045 <ludum
958 2005 1237 2062 adscriptum.
1298 2007 1366 2048 hie
1400 2023 1484 2049 non
1516 2010 1722 2061 omittam,

100 2084 230 2125 prope
275 2070 329 2111 ab
367 2071 447 2113 hoe
483 2071 597 2122 loco,
644 2087 771 2113 versu
819 2073 1010 2115 eiusdem
1047 2074 1220 2116 fabulae
1257 2076 1362 2125 495,
1410 2076 1452 2117 in
1498 2076 1535 2117 P
1581 2086 1727 2120 extare

99 2140 368 2195 scripturam,
402 2155 511 2196 quae
542 2141 724 2182 fortasse
755 2142 991 2183 recensioni
1022 2142 1249 2184 tribuenda
1281 2151 1363 2185 est:

155 2215 219 2260 A:
253 2218 371 2260 Bene
404 2220 528 2261 dictis
574 2221 656 2262 tuis
695 2222 801 2263 bene
844 2222 1038 2279 [f]act[a]
1080 2237 1204 2264 aures
1245 2238 1363 2265 meae
1402 2225 1610 2267 auxilium
1643 2241 1725 2267 ex-

914 2298 1136 2346 poscunt

158 2355 213 2397 B:
1376 2361 1612 2404 benedictis

240 2435 344 2478 Tuis
377 2437 482 2478 bene
514 2440 627 2480 facta
657 2453 781 2480 aures
813 2453 931 2480 meae
963 2440 1173 2481 auxilium
1205 2442 1568 2495 expostulant.

100 2506 373 2559 anapaestica
411 2521 630 2556 mensura,
680 2522 788 2563 quae
820 2508 918 2549 huic
956 2522 1125 2562 quoque
1165 2511 1308 2550 versui
1348 2510 1609 2552 vindicanda
1650 2519 1725 2560 est,

100 2587 196 2614 cum
227 2573 505 2615 Ambrosiani
552 2583 716 2618 tantum
757 2576 968 2631 scriptura
1008 2576 1228 2618 conciliari
1260 2584 1418 2632 potest3
1466 2587 1727 2636 quapropter

99 2640 418 2683 Studemundus
450 2644 499 2683 cle
529 2652 632 2684 cam.
664 2645 801 2685 Plaut.
834 2659 874 2699 p.
909 2644 934 2684 3
966 2644 1041 2685 hos
1075 2659 1223 2686 versus
1253 2645 1488 2702 discripsit:

212 2722 297 2763 494
327 2722 452 2764 Unde
494 2724 538 2764 t1'1
570 2725 811 2779 pergrande
852 2724 1018 2765 lucrum
1057 2725 1210 2766 facias:
1248 2726 1404 2767 faciam
1443 2727 1489 2767 iit
1529 2728 1611 2768 mei
1644 2742 1725 2768 me-

913 2792 1098 2842 mineris,
1131 2793 1232 2834 dum
1264 2795 1396 2835 vitam

212 2857 294 2898 495
327 2858 472 2902 vivas.
504 2860 514 2915 Η
546 2859 779 2902 benedictis
811 2862 892 2902 tuis
926 2861 1150 2903 benefacta
1182 2877 1305 2903 aures
1352 2878 1470 2904 meae
1512 2863 1720 2904 auxilium

914 2937 1163 2984 exposcunt.
