<?xml version="1.0" encoding="UTF-8"?>
<!DOCTYPE html PUBLIC "-//W3C//DTD XHTML 1.0 Transitional//EN"
    "http://www.w3.org/TR/xhtml1/DTD/xhtml1-transitional.dtd">
<html xmlns="http://www.w3.org/1999/xhtml" xml:lang="en" lang="en">
 <head>
  <title>
</title>
<meta http-equiv="Content-Type" content="text/html;charset=utf-8" />
  <meta name='ocr-system' content='tesseract 3.04.00' />
  <meta name='ocr-capabilities' content='ocr_page ocr_carea ocr_par ocr_line ocrx_word'/>
</head>
<body>
  <div class='ocr_page' id='page_1' title='image "./deplautifabularu00baieuoft_0123.png"; bbox 0 0 2020 3278; ppageno 0'>
   <div class='ocr_carea' id='block_1_1' title="bbox 46 131 1710 2039">
    <p class='ocr_par' dir='ltr' id='par_1_1' title="bbox 859 131 933 171">
     <span class='ocr_line' id='line_1_1' title="bbox 859 131 933 171; baseline -0.014 0"><span class='ocrx_word' id='word_1_1' title='bbox 859 131 933 171; x_wconf 86' lang='lat'>111</span> 
     </span>
    </p>

    <p class='ocr_par' dir='ltr' id='par_1_2' title="bbox 80 264 1710 798">
     <span class='ocr_line' id='line_1_2' title="bbox 83 264 1704 321; baseline 0.002 -15"><span class='ocrx_word' id='word_1_2' title='bbox 83 265 205 315; x_wconf 85' lang='lat' dir='ltr'>vidit,</span> <span class='ocrx_word' id='word_1_3' title='bbox 236 264 332 306; x_wconf 86' lang='lat' dir='ltr'>illae</span> <span class='ocrx_word' id='word_1_4' title='bbox 363 265 553 319; x_wconf 84' lang='lat' dir='ltr'>virgulae</span> <span class='ocrx_word' id='word_1_5' title='bbox 586 281 808 306; x_wconf 88' lang='lat' dir='ltr'>numerum</span> <span class='ocrx_word' id='word_1_6' title='bbox 834 266 912 307; x_wconf 85' lang='lat' dir='ltr'>VL</span> <span class='ocrx_word' id='word_1_7' title='bbox 934 289 975 299; x_wconf 55' lang='grc' dir='ltr'>Σ</span> <span class='ocrx_word' id='word_1_8' title='bbox 997 266 1064 314; x_wconf 77' lang='lat'>45,</span> <span class='ocrx_word' id='word_1_9' title='bbox 1098 280 1181 321; x_wconf 89' lang='lat' dir='ltr'>quo</span> <span class='ocrx_word' id='word_1_10' title='bbox 1207 281 1352 308; x_wconf 85' lang='lat' dir='ltr'>versus</span> <span class='ocrx_word' id='word_1_11' title='bbox 1374 267 1499 309; x_wconf 83' lang='lat' dir='ltr'>huius</span> <span class='ocrx_word' id='word_1_12' title='bbox 1524 282 1704 310; x_wconf 85' lang='lat' dir='ltr'>scaenae</span> 
     </span>
     <span class='ocr_line' id='line_1_3' title="bbox 84 334 1708 390; baseline 0.001 -14"><span class='ocrx_word' id='word_1_13' title='bbox 84 344 186 390; x_wconf 91' lang='lat' dir='ltr'>quot</span> <span class='ocrx_word' id='word_1_14' title='bbox 231 334 400 388; x_wconf 89' lang='lat' dir='ltr'>quidem</span> <span class='ocrx_word' id='word_1_15' title='bbox 447 334 490 374; x_wconf 92' lang='lat' dir='ltr'>in</span> <span class='ocrx_word' id='word_1_16' title='bbox 523 334 560 375; x_wconf 92' lang='lat' dir='ltr'><strong>B</strong></span> <span class='ocrx_word' id='word_1_17' title='bbox 600 334 802 388; x_wconf 79' lang='lat' dir='ltr'>descripti</span> <span class='ocrx_word' id='word_1_18' title='bbox 841 343 939 375; x_wconf 90' lang='lat' dir='ltr'>sunt</span> <span class='ocrx_word' id='word_1_19' title='bbox 988 342 1302 388; x_wconf 87' lang='lat' dir='ltr'>computantur.</span> <span class='ocrx_word' id='word_1_20' title='bbox 1370 336 1443 376; x_wconf 85' lang='lat' dir='ltr'>sed</span> <span class='ocrx_word' id='word_1_21' title='bbox 1484 352 1567 378; x_wconf 89' lang='lat' dir='ltr'>non</span> <span class='ocrx_word' id='word_1_22' title='bbox 1607 338 1708 378; x_wconf 84' lang='lat' dir='ltr'>satis</span> 
     </span>
     <span class='ocr_line' id='line_1_4' title="bbox 83 402 1708 454; baseline 0.002 -11"><span class='ocrx_word' id='word_1_23' title='bbox 83 402 232 444; x_wconf 89' lang='lat' dir='ltr'>habuit</span> <span class='ocrx_word' id='word_1_24' title='bbox 280 409 426 443; x_wconf 84' lang='lat' dir='ltr'>auctor</span> <span class='ocrx_word' id='word_1_25' title='bbox 472 402 747 443; x_wconf 86' lang='lat' dir='ltr'>Ambrosiani</span> <span class='ocrx_word' id='word_1_26' title='bbox 806 416 1058 443; x_wconf 80' lang='lat' dir='ltr'>scaenarum</span> <span class='ocrx_word' id='word_1_27' title='bbox 1106 403 1359 444; x_wconf 86' lang='lat' dir='ltr'>divisionem</span> <span class='ocrx_word' id='word_1_28' title='bbox 1413 404 1581 454; x_wconf 90' lang='lat' dir='ltr'>tollere,</span> <span class='ocrx_word' id='word_1_29' title='bbox 1634 406 1708 447; x_wconf 86' lang='lat' dir='ltr'>sed</span> 
     </span>
     <span class='ocr_line' id='line_1_5' title="bbox 83 470 1708 520; baseline 0.002 -8"><span class='ocrx_word' id='word_1_30' title='bbox 83 485 260 512; x_wconf 82' lang='lat' dir='ltr'>scaenas</span> <span class='ocrx_word' id='word_1_31' title='bbox 291 470 401 511; x_wconf 86' lang='lat' dir='ltr'>inter</span> <span class='ocrx_word' id='word_1_32' title='bbox 431 485 475 511; x_wconf 86' lang='lat' dir='ltr'>se</span> <span class='ocrx_word' id='word_1_33' title='bbox 508 471 718 512; x_wconf 80' lang='lat' dir='ltr'><strong>artissime</strong></span> <span class='ocrx_word' id='word_1_34' title='bbox 756 470 814 510; x_wconf 82' lang='lat' dir='ltr'>ita</span> <span class='ocrx_word' id='word_1_35' title='bbox 846 470 1090 520; x_wconf 82' lang='lat' dir='ltr'>coniunxit,</span> <span class='ocrx_word' id='word_1_36' title='bbox 1125 479 1170 512; x_wconf 91' lang='lat' dir='ltr'>ut</span> <span class='ocrx_word' id='word_1_37' title='bbox 1200 472 1244 512; x_wconf 90' lang='lat' dir='ltr'>in</span> <span class='ocrx_word' id='word_1_38' title='bbox 1278 487 1402 513; x_wconf 82' lang='lat' dir='ltr'>versu</span> <span class='ocrx_word' id='word_1_39' title='bbox 1435 487 1616 515; x_wconf 81' lang='lat' dir='ltr'>scaenae</span> <span class='ocrx_word' id='word_1_40' title='bbox 1641 475 1661 514; x_wconf 87' lang='grc' dir='ltr'>Ι</span> <span class='ocrx_word' id='word_1_41' title='bbox 1684 478 1708 515; x_wconf 77' lang='grc'><em>2</em></span> 
     </span>
     <span class='ocr_line' id='line_1_6' title="bbox 81 538 1710 595; baseline 0.002 -15"><span class='ocrx_word' id='word_1_42' title='bbox 81 539 230 580; x_wconf 86' lang='lat' dir='ltr'>ultimo</span> <span class='ocrx_word' id='word_1_43' title='bbox 276 553 483 595; x_wconf 86' lang='lat' dir='ltr'>personae</span> <span class='ocrx_word' id='word_1_44' title='bbox 530 539 667 594; x_wconf 86' lang='lat' dir='ltr'>spatio</span> <span class='ocrx_word' id='word_1_45' title='bbox 713 539 861 580; x_wconf 87' lang='lat' dir='ltr'>relicto</span> <span class='ocrx_word' id='word_1_46' title='bbox 908 538 1109 593; x_wconf 88' lang='lat' dir='ltr'>Astaphii</span> <span class='ocrx_word' id='word_1_47' title='bbox 1155 540 1493 582; x_wconf 88' lang='lat' dir='ltr'>interiectionem</span> <span class='ocrx_word' id='word_1_48' title='bbox 1531 542 1710 584; x_wconf 88' lang='lat' dir='ltr'>adderet</span> 
     </span>
     <span class='ocr_line' id='line_1_7' title="bbox 81 608 1707 666; baseline 0.002 -18"><span class='ocrx_word' id='word_1_49' title='bbox 81 621 259 663; x_wconf 84' lang='lat' dir='ltr'>eamque</span> <span class='ocrx_word' id='word_1_50' title='bbox 292 615 426 649; x_wconf 88' lang='lat' dir='ltr'>metro</span> <span class='ocrx_word' id='word_1_51' title='bbox 464 608 523 648; x_wconf 92' lang='lat' dir='ltr'>ita</span> <span class='ocrx_word' id='word_1_52' title='bbox 555 608 824 662; x_wconf 85' lang='lat' dir='ltr'>adaptatam,</span> <span class='ocrx_word' id='word_1_53' title='bbox 865 616 909 648; x_wconf 89' lang='lat' dir='ltr'>ut</span> <span class='ocrx_word' id='word_1_54' title='bbox 941 622 1017 662; x_wconf 88' lang='lat' dir='ltr'>pro</span> <span class='ocrx_word' id='word_1_55' title='bbox 1050 608 1207 664; x_wconf 88' lang='lat' dir='ltr'>triplici</span> <span class='ocrx_word' id='word_1_56' title='bbox 1242 609 1295 648; x_wconf 76' lang='grc' dir='ltr'>Ιια</span> <span class='ocrx_word' id='word_1_57' title='bbox 1325 609 1377 649; x_wconf 63' lang='lat' dir='ltr'>lca</span> <span class='ocrx_word' id='word_1_58' title='bbox 1406 610 1481 659; x_wconf 83' lang='grc' dir='ltr'>Ιια,</span> <span class='ocrx_word' id='word_1_59' title='bbox 1524 610 1638 666; x_wconf 89' lang='lat' dir='ltr'>quod</span> <span class='ocrx_word' id='word_1_60' title='bbox 1671 611 1707 652; x_wconf 88' lang='lat' dir='ltr'><strong>P</strong></span> 
     </span>
     <span class='ocr_line' id='line_1_8' title="bbox 81 675 1707 732; baseline 0.002 -16"><span class='ocrx_word' id='word_1_61' title='bbox 81 675 287 717; x_wconf 84' lang='lat' dir='ltr'>exhibent</span> <span class='ocrx_word' id='word_1_62' title='bbox 304 678 358 731; x_wconf 83' lang='grc'>1),</span> <span class='ocrx_word' id='word_1_63' title='bbox 405 676 588 731; x_wconf 80' lang='lat' dir='ltr'>simplex</span> <span class='ocrx_word' id='word_1_64' title='bbox 627 676 680 715; x_wconf 79' lang='lat' dir='ltr'>ha</span> <span class='ocrx_word' id='word_1_65' title='bbox 718 676 945 726; x_wconf 81' lang='lat' dir='ltr'>scriberet,</span> <span class='ocrx_word' id='word_1_66' title='bbox 984 691 1067 732; x_wconf 93' lang='lat' dir='ltr'>quo</span> <span class='ocrx_word' id='word_1_67' title='bbox 1107 677 1349 718; x_wconf 91' lang='lat' dir='ltr'>octonarius</span> <span class='ocrx_word' id='word_1_68' title='bbox 1389 677 1597 719; x_wconf 84' lang='lat' dir='ltr'>iambicus</span> <span class='ocrx_word' id='word_1_69' title='bbox 1639 679 1707 720; x_wconf 91' lang='lat' dir='ltr'>hic</span> 
     </span>
     <span class='ocr_line' id='line_1_9' title="bbox 80 744 647 798; baseline -0.007 -12"><span class='ocrx_word' id='word_1_70' title='bbox 80 744 299 786; x_wconf 83' lang='lat' dir='ltr'>existeret:</span> <span class='ocrx_word' id='word_1_71' title='bbox 641 791 647 798; x_wconf 32' lang='grc' dir='ltr'>ι</span> 
     </span>
    </p>

    <p class='ocr_par' dir='ltr' id='par_1_3' title="bbox 76 812 1707 1216">
     <span class='ocr_line' id='line_1_10' title="bbox 192 812 1706 872; baseline 0.003 -18"><span class='ocrx_word' id='word_1_72' title='bbox 192 812 304 854; x_wconf 88' lang='lat' dir='ltr'>Redi</span> <span class='ocrx_word' id='word_1_73' title='bbox 337 827 436 854; x_wconf 91' lang='lat' dir='ltr'>vero</span> <span class='ocrx_word' id='word_1_74' title='bbox 468 820 675 854; x_wconf 85' lang='lat' dir='ltr'>actutum:</span> <span class='ocrx_word' id='word_1_75' title='bbox 709 827 788 869; x_wconf 83' lang='lat' dir='ltr'>ego</span> <span class='ocrx_word' id='word_1_76' title='bbox 820 813 987 854; x_wconf 82' lang='lat' dir='ltr'>interim</span> <span class='ocrx_word' id='word_1_77' title='bbox 1020 813 1089 854; x_wconf 91' lang='lat' dir='ltr'>hic</span> <span class='ocrx_word' id='word_1_78' title='bbox 1120 815 1236 871; x_wconf 87' lang='lat' dir='ltr'>apud</span> <span class='ocrx_word' id='word_1_79' title='bbox 1268 830 1342 856; x_wconf 89' lang='lat' dir='ltr'>vos</span> <span class='ocrx_word' id='word_1_80' title='bbox 1365 816 1575 870; x_wconf 90' lang='lat' dir='ltr'>operibor.</span> <span class='ocrx_word' id='word_1_81' title='bbox 1599 817 1608 872; x_wconf 70' lang='grc' dir='ltr'>ξ]</span> <span class='ocrx_word' id='word_1_82' title='bbox 1632 817 1706 858; x_wconf 77' lang='lat' dir='ltr'>hal</span> 
     </span>
     <span class='ocr_line' id='line_1_11' title="bbox 79 880 1707 937; baseline 0.001 -13"><span class='ocrx_word' id='word_1_83' title='bbox 79 880 360 937; x_wconf 87' lang='lat' dir='ltr'>Spengelius‚</span> <span class='ocrx_word' id='word_1_84' title='bbox 411 896 507 923; x_wconf 89' lang='lat' dir='ltr'>cum</span> <span class='ocrx_word' id='word_1_85' title='bbox 553 881 596 921; x_wconf 93' lang='lat' dir='ltr'>in</span> <span class='ocrx_word' id='word_1_86' title='bbox 642 883 995 923; x_wconf 84' lang='lat' dir='ltr'>commentatione</span> <span class='ocrx_word' id='word_1_87' title='bbox 1044 882 1096 923; x_wconf 91' lang='lat' dir='ltr'>de</span> <span class='ocrx_word' id='word_1_88' title='bbox 1142 898 1394 925; x_wconf 83' lang='lat' dir='ltr'>scaenarum</span> <span class='ocrx_word' id='word_1_89' title='bbox 1437 884 1707 927; x_wconf 88' lang='lat' dir='ltr'>distinctione</span> 
     </span>
     <span class='ocr_line' id='line_1_12' title="bbox 80 949 1706 1009; baseline 0.002 -18"><span class='ocrx_word' id='word_1_90' title='bbox 80 949 192 991; x_wconf 88' lang='lat' dir='ltr'>dicat</span> <span class='ocrx_word' id='word_1_91' title='bbox 241 950 283 990; x_wconf 91' lang='lat' dir='ltr'>in</span> <span class='ocrx_word' id='word_1_92' title='bbox 322 949 366 991; x_wconf 92' lang='lat' dir='ltr'>A</span> <span class='ocrx_word' id='word_1_93' title='bbox 407 964 576 1006; x_wconf 89' lang='lat' dir='ltr'>quoque</span> <span class='ocrx_word' id='word_1_94' title='bbox 618 950 798 1005; x_wconf 86' lang='lat' dir='ltr'>vestigia</span> <span class='ocrx_word' id='word_1_95' title='bbox 836 965 1016 992; x_wconf 86' lang='lat' dir='ltr'>scaenae</span> <span class='ocrx_word' id='word_1_96' title='bbox 1056 951 1157 992; x_wconf 91' lang='lat' dir='ltr'>olim</span> <span class='ocrx_word' id='word_1_97' title='bbox 1204 952 1430 993; x_wconf 86' lang='lat' dir='ltr'>distinctae</span> <span class='ocrx_word' id='word_1_98' title='bbox 1468 968 1706 1009; x_wconf 86' lang='lat' dir='ltr'>superesse,</span> 
     </span>
     <span class='ocr_line' id='line_1_13' title="bbox 77 1019 1698 1078; baseline 0.002 -19"><span class='ocrx_word' id='word_1_99' title='bbox 77 1033 160 1074; x_wconf 89' lang='lat' dir='ltr'>quo</span> <span class='ocrx_word' id='word_1_100' title='bbox 192 1026 353 1073; x_wconf 88' lang='lat' dir='ltr'>spectet</span> <span class='ocrx_word' id='word_1_101' title='bbox 384 1019 539 1068; x_wconf 88' lang='lat' dir='ltr'>nescio,</span> <span class='ocrx_word' id='word_1_102' title='bbox 572 1019 653 1059; x_wconf 90' lang='lat' dir='ltr'>nisi</span> <span class='ocrx_word' id='word_1_103' title='bbox 683 1019 791 1060; x_wconf 87' lang='lat' dir='ltr'>forte</span> <span class='ocrx_word' id='word_1_104' title='bbox 823 1034 900 1073; x_wconf 88' lang='lat' dir='ltr'>pro</span> <span class='ocrx_word' id='word_1_105' title='bbox 933 1019 1090 1061; x_wconf 90' lang='lat' dir='ltr'>indicio</span> <span class='ocrx_word' id='word_1_106' title='bbox 1122 1020 1273 1062; x_wconf 91' lang='lat' dir='ltr'>habuit</span> <span class='ocrx_word' id='word_1_107' title='bbox 1311 1022 1425 1078; x_wconf 87' lang='lat' dir='ltr'>quod</span> <span class='ocrx_word' id='word_1_108' title='bbox 1461 1022 1698 1076; x_wconf 82' lang='lat' dir='ltr'>‚Requievi‘</span> 
     </span>
     <span class='ocr_line' id='line_1_14' title="bbox 76 1087 1703 1147; baseline 0.002 -19"><span class='ocrx_word' id='word_1_109' title='bbox 76 1087 136 1128; x_wconf 92' lang='lat' dir='ltr'>ibi</span> <span class='ocrx_word' id='word_1_110' title='bbox 167 1087 380 1143; x_wconf 85' lang='lat' dir='ltr'>integrum</span> <span class='ocrx_word' id='word_1_111' title='bbox 420 1103 589 1129; x_wconf 88' lang='lat' dir='ltr'>versum</span> <span class='ocrx_word' id='word_1_112' title='bbox 628 1096 822 1144; x_wconf 89' lang='lat' dir='ltr'>occupat.</span> <span class='ocrx_word' id='word_1_113' title='bbox 884 1103 993 1142; x_wconf 87' lang='lat' dir='ltr'>quae</span> <span class='ocrx_word' id='word_1_114' title='bbox 1025 1104 1091 1130; x_wconf 90' lang='lat' dir='ltr'>res</span> <span class='ocrx_word' id='word_1_115' title='bbox 1123 1089 1246 1130; x_wconf 86' lang='lat' dir='ltr'>nihili</span> <span class='ocrx_word' id='word_1_116' title='bbox 1285 1098 1348 1131; x_wconf 88' lang='lat' dir='ltr'>est</span> <span class='ocrx_word' id='word_1_117' title='bbox 1380 1105 1482 1147; x_wconf 92' lang='lat' dir='ltr'>prae</span> <span class='ocrx_word' id='word_1_118' title='bbox 1515 1106 1619 1132; x_wconf 85' lang='lat' dir='ltr'>voce</span> <span class='ocrx_word' id='word_1_119' title='bbox 1652 1093 1703 1132; x_wconf 81' lang='grc' dir='ltr'>Ῐια</span> 
     </span>
     <span class='ocr_line' id='line_1_15' title="bbox 79 1155 1510 1216; baseline 0.003 -19"><span class='ocrx_word' id='word_1_120' title='bbox 79 1155 221 1197; x_wconf 88' lang='lat' dir='ltr'>versui</span> <span class='ocrx_word' id='word_1_121' title='bbox 253 1155 334 1198; x_wconf 79' lang='lat'>209</span> <span class='ocrx_word' id='word_1_122' title='bbox 367 1164 462 1212; x_wconf 90' lang='lat' dir='ltr'>post</span> <span class='ocrx_word' id='word_1_123' title='bbox 493 1156 678 1211; x_wconf 86' lang='lat' dir='ltr'>spatium</span> <span class='ocrx_word' id='word_1_124' title='bbox 710 1171 918 1213; x_wconf 85' lang='lat' dir='ltr'>personae</span> <span class='ocrx_word' id='word_1_125' title='bbox 951 1158 1145 1200; x_wconf 90' lang='lat' dir='ltr'>relictum</span> <span class='ocrx_word' id='word_1_126' title='bbox 1177 1159 1460 1215; x_wconf 83' lang='lat' dir='ltr'>agglutinata.</span> <span class='ocrx_word' id='word_1_127' title='bbox 1477 1161 1510 1216; x_wconf 74' lang='lat'>²)</span> 
     </span>
    </p>

    <p class='ocr_par' dir='ltr' id='par_1_4' title="bbox 46 1224 1706 2039">
     <span class='ocr_line' id='line_1_16' title="bbox 189 1224 1705 1282; baseline 0.003 -16"><span class='ocrx_word' id='word_1_128' title='bbox 189 1224 263 1266; x_wconf 93' lang='lat' dir='ltr'>Ad</span> <span class='ocrx_word' id='word_1_129' title='bbox 295 1231 462 1266; x_wconf 88' lang='lat' dir='ltr'>ceteras</span> <span class='ocrx_word' id='word_1_130' title='bbox 485 1227 526 1266; x_wconf 93' lang='lat' dir='ltr'>in</span> <span class='ocrx_word' id='word_1_131' title='bbox 551 1225 715 1266; x_wconf 84' lang='lat' dir='ltr'>scaenis</span> <span class='ocrx_word' id='word_1_132' title='bbox 742 1226 1057 1282; x_wconf 85' lang='lat' dir='ltr'>distinguendis</span> <span class='ocrx_word' id='word_1_133' title='bbox 1080 1227 1391 1282; x_wconf 86' lang='lat' dir='ltr'>discrepantias</span> <span class='ocrx_word' id='word_1_134' title='bbox 1409 1229 1705 1271; x_wconf 88' lang='lat' dir='ltr'>recensionum</span> 
     </span>
     <span class='ocr_line' id='line_1_17' title="bbox 76 1294 1706 1350; baseline 0.003 -17"><span class='ocrx_word' id='word_1_135' title='bbox 76 1300 307 1347; x_wconf 88' lang='lat' dir='ltr'>antequam</span> <span class='ocrx_word' id='word_1_136' title='bbox 352 1300 585 1346; x_wconf 87' lang='lat' dir='ltr'>transeam,</span> <span class='ocrx_word' id='word_1_137' title='bbox 634 1294 845 1350; x_wconf 88' lang='lat' dir='ltr'>quaedam</span> <span class='ocrx_word' id='word_1_138' title='bbox 892 1295 1212 1349; x_wconf 88' lang='lat' dir='ltr'>praemonenda</span> <span class='ocrx_word' id='word_1_139' title='bbox 1258 1304 1368 1337; x_wconf 90' lang='lat' dir='ltr'>sunt.</span> <span class='ocrx_word' id='word_1_140' title='bbox 1442 1296 1706 1340; x_wconf 85' lang='lat' dir='ltr'>Ritschelius</span> 
     </span>
     <span class='ocr_line' id='line_1_18' title="bbox 76 1362 1706 1419; baseline 0.002 -15"><span class='ocrx_word' id='word_1_141' title='bbox 76 1362 173 1418; x_wconf 77' lang='lat' dir='ltr'>(Op.</span> <span class='ocrx_word' id='word_1_142' title='bbox 198 1363 300 1418; x_wconf 70' lang='lat' dir='ltr'>phil.</span> <span class='ocrx_word' id='word_1_143' title='bbox 334 1362 382 1404; x_wconf 87' lang='lat' dir='ltr'>II</span> <span class='ocrx_word' id='word_1_144' title='bbox 412 1377 453 1417; x_wconf 93' lang='lat' dir='ltr'>p.</span> <span class='ocrx_word' id='word_1_145' title='bbox 486 1363 586 1417; x_wconf 79' lang='lat'>367)</span> <span class='ocrx_word' id='word_1_146' title='bbox 620 1362 729 1403; x_wconf 91' lang='lat' dir='ltr'>hanc</span> <span class='ocrx_word' id='word_1_147' title='bbox 759 1362 897 1418; x_wconf 85' lang='lat' dir='ltr'>legem</span> <span class='ocrx_word' id='word_1_148' title='bbox 930 1364 1170 1405; x_wconf 84' lang='lat' dir='ltr'>constituit:</span> <span class='ocrx_word' id='word_1_149' title='bbox 1214 1364 1297 1417; x_wconf 77' lang='lat' dir='ltr'>,Im</span> <span class='ocrx_word' id='word_1_150' title='bbox 1337 1365 1620 1419; x_wconf 84' lang='lat' dir='ltr'>allgemeinen</span> <span class='ocrx_word' id='word_1_151' title='bbox 1651 1367 1706 1408; x_wconf 91' lang='lat' dir='ltr'>ist</span> 
     </span>
     <span class='ocr_line' id='line_1_19' title="bbox 77 1430 1704 1486; baseline 0.002 -14"><span class='ocrx_word' id='word_1_152' title='bbox 77 1431 142 1472; x_wconf 91' lang='lat' dir='ltr'>ein</span> <span class='ocrx_word' id='word_1_153' title='bbox 191 1431 483 1486; x_wconf 80' lang='lat' dir='ltr'>verniinftiges</span> <span class='ocrx_word' id='word_1_154' title='bbox 529 1430 706 1485; x_wconf 86' lang='lat' dir='ltr'>Princip</span> <span class='ocrx_word' id='word_1_155' title='bbox 753 1430 946 1472; x_wconf 87' lang='lat' dir='ltr'>offenbar</span> <span class='ocrx_word' id='word_1_156' title='bbox 993 1432 1154 1482; x_wconf 89' lang='lat' dir='ltr'>dieses,</span> <span class='ocrx_word' id='word_1_157' title='bbox 1207 1433 1304 1474; x_wconf 87' lang='lat' dir='ltr'>dass</span> <span class='ocrx_word' id='word_1_158' title='bbox 1345 1448 1453 1475; x_wconf 93' lang='lat' dir='ltr'>neue</span> <span class='ocrx_word' id='word_1_159' title='bbox 1497 1435 1704 1477; x_wconf 85' lang='lat' dir='ltr'>Namens-</span> 
     </span>
     <span class='ocr_line' id='line_1_20' title="bbox 75 1499 1702 1556; baseline 0.003 -16"><span class='ocrx_word' id='word_1_160' title='bbox 75 1499 386 1541; x_wconf 83' lang='lat' dir='ltr'>iiberschriften</span> <span class='ocrx_word' id='word_1_161' title='bbox 427 1499 481 1540; x_wconf 89' lang='lat' dir='ltr'>da</span> <span class='ocrx_word' id='word_1_162' title='bbox 512 1500 713 1555; x_wconf 84' lang='lat' dir='ltr'>gemacht</span> <span class='ocrx_word' id='word_1_163' title='bbox 747 1499 937 1550; x_wconf 84' lang='lat' dir='ltr'>werden,</span> <span class='ocrx_word' id='word_1_164' title='bbox 981 1515 1046 1541; x_wconf 82' lang='lat' dir='ltr'>wo</span> <span class='ocrx_word' id='word_1_165' title='bbox 1077 1516 1184 1543; x_wconf 91' lang='lat' dir='ltr'>neue</span> <span class='ocrx_word' id='word_1_166' title='bbox 1216 1501 1436 1544; x_wconf 87' lang='lat' dir='ltr'>Personen</span> <span class='ocrx_word' id='word_1_167' title='bbox 1478 1505 1702 1556; x_wconf 87' lang='lat' dir='ltr'>auftreten,</span> 
     </span>
     <span class='ocr_line' id='line_1_21' title="bbox 76 1567 1703 1625; baseline 0.003 -17"><span class='ocrx_word' id='word_1_168' title='bbox 76 1583 196 1610; x_wconf 89' lang='lat' dir='ltr'>wenn</span> <span class='ocrx_word' id='word_1_169' title='bbox 228 1568 338 1609; x_wconf 86' lang='lat' dir='ltr'>auch</span> <span class='ocrx_word' id='word_1_170' title='bbox 371 1568 517 1624; x_wconf 82' lang='lat' dir='ltr'>vorige</span> <span class='ocrx_word' id='word_1_171' title='bbox 550 1567 897 1618; x_wconf 69' lang='lat' dir='ltr'>zui-fickbleibem</span> <span class='ocrx_word' id='word_1_172' title='bbox 931 1569 1126 1625; x_wconf 83' lang='lat' dir='ltr'>dagegen</span> <span class='ocrx_word' id='word_1_173' title='bbox 1160 1571 1298 1619; x_wconf 88' lang='lat' dir='ltr'>keine,</span> <span class='ocrx_word' id='word_1_174' title='bbox 1333 1586 1396 1612; x_wconf 84' lang='lat' dir='ltr'>wo</span> <span class='ocrx_word' id='word_1_175' title='bbox 1429 1588 1508 1613; x_wconf 91' lang='lat' dir='ltr'>nur</span> <span class='ocrx_word' id='word_1_176' title='bbox 1540 1572 1703 1614; x_wconf 92' lang='lat' dir='ltr'>welche</span> 
     </span>
     <span class='ocr_line' id='line_1_22' title="bbox 75 1636 1704 1696; baseline 0.002 -18"><span class='ocrx_word' id='word_1_177' title='bbox 75 1637 281 1687; x_wconf 88' lang='lat' dir='ltr'>abtreten‚</span> <span class='ocrx_word' id='word_1_178' title='bbox 328 1636 430 1678; x_wconf 89' lang='lat' dir='ltr'>aber</span> <span class='ocrx_word' id='word_1_179' title='bbox 474 1637 862 1678; x_wconf 80' lang='lat' dir='ltr'>zuriiekbleibende</span> <span class='ocrx_word' id='word_1_180' title='bbox 909 1638 1030 1692; x_wconf 87' lang='lat' dir='ltr'>(oder</span> <span class='ocrx_word' id='word_1_181' title='bbox 1066 1639 1134 1679; x_wconf 92' lang='lat' dir='ltr'>ein</span> <span class='ocrx_word' id='word_1_182' title='bbox 1172 1640 1604 1696; x_wconf 84' lang='lat' dir='ltr'>zuriickbleibender)</span> <span class='ocrx_word' id='word_1_183' title='bbox 1652 1657 1704 1682; x_wconf 91' lang='lat' dir='ltr'>zu</span> 
     </span>
     <span class='ocr_line' id='line_1_23' title="bbox 75 1705 1704 1762; baseline 0.002 -15"><span class='ocrx_word' id='word_1_184' title='bbox 75 1706 284 1762; x_wconf 87' lang='lat' dir='ltr'>sprechen</span> <span class='ocrx_word' id='word_1_185' title='bbox 315 1705 581 1746; x_wconf 80' lang='lat' dir='ltr'>foi-tfahren‘.</span> <span class='ocrx_word' id='word_1_186' title='bbox 643 1721 772 1759; x_wconf 89' lang='lat' dir='ltr'>quam</span> <span class='ocrx_word' id='word_1_187' title='bbox 812 1708 1020 1747; x_wconf 88' lang='lat' dir='ltr'>rationem</span> <span class='ocrx_word' id='word_1_188' title='bbox 1060 1709 1201 1749; x_wconf 90' lang='lat' dir='ltr'>minus</span> <span class='ocrx_word' id='word_1_189' title='bbox 1243 1715 1357 1750; x_wconf 89' lang='lat' dir='ltr'>recte</span> <span class='ocrx_word' id='word_1_190' title='bbox 1388 1709 1530 1751; x_wconf 90' lang='lat' dir='ltr'>virum</span> <span class='ocrx_word' id='word_1_191' title='bbox 1568 1709 1627 1750; x_wconf 83' lang='lat' dir='ltr'>ill.</span> <span class='ocrx_word' id='word_1_192' title='bbox 1660 1710 1704 1750; x_wconf 93' lang='lat' dir='ltr'>in</span> 
     </span>
     <span class='ocr_line' id='line_1_24' title="bbox 75 1773 1701 1834; baseline 0.002 -18"><span class='ocrx_word' id='word_1_193' title='bbox 75 1774 304 1816; x_wconf 89' lang='lat' dir='ltr'>comoediis</span> <span class='ocrx_word' id='word_1_194' title='bbox 343 1774 557 1815; x_wconf 86' lang='lat' dir='ltr'>Plautinis</span> <span class='ocrx_word' id='word_1_195' title='bbox 597 1773 843 1815; x_wconf 88' lang='lat' dir='ltr'>adhibuisse</span> <span class='ocrx_word' id='word_1_196' title='bbox 886 1776 1062 1825; x_wconf 89' lang='lat' dir='ltr'>scimus,</span> <span class='ocrx_word' id='word_1_197' title='bbox 1104 1791 1156 1817; x_wconf 84' lang='lat' dir='ltr'>ex</span> <span class='ocrx_word' id='word_1_198' title='bbox 1190 1791 1274 1830; x_wconf 92' lang='lat' dir='ltr'>quo</span> <span class='ocrx_word' id='word_1_199' title='bbox 1311 1776 1566 1834; x_wconf 83' lang='lat' dir='ltr'>Spengelius</span> <span class='ocrx_word' id='word_1_200' title='bbox 1606 1779 1633 1819; x_wconf 93' lang='lat' dir='ltr'>l.</span> <span class='ocrx_word' id='word_1_201' title='bbox 1667 1793 1701 1819; x_wconf 92' lang='lat' dir='ltr'>c.</span> 
     </span>
     <span class='ocr_line' id='line_1_25' title="bbox 46 1843 1704 1900; baseline 0.002 -16"><span class='ocrx_word' id='word_1_202' title='bbox 46 1854 49 1858; x_wconf 87' lang='grc'>·</span> <span class='ocrx_word' id='word_1_203' title='bbox 74 1858 115 1899; x_wconf 93' lang='lat' dir='ltr'>p.</span> <span class='ocrx_word' id='word_1_204' title='bbox 138 1844 221 1885; x_wconf 83' lang='lat'>273</span> <span class='ocrx_word' id='word_1_205' title='bbox 253 1843 305 1884; x_wconf 91' lang='lat' dir='ltr'>de</span> <span class='ocrx_word' id='word_1_206' title='bbox 329 1843 407 1884; x_wconf 84' lang='lat' dir='ltr'>hac</span> <span class='ocrx_word' id='word_1_207' title='bbox 431 1844 680 1899; x_wconf 85' lang='lat' dir='ltr'>quaestione</span> <span class='ocrx_word' id='word_1_208' title='bbox 704 1844 764 1884; x_wconf 90' lang='lat' dir='ltr'>sic</span> <span class='ocrx_word' id='word_1_209' title='bbox 787 1844 947 1894; x_wconf 87' lang='lat' dir='ltr'>statuit,</span> <span class='ocrx_word' id='word_1_210' title='bbox 979 1853 1038 1894; x_wconf 91' lang='lat' dir='ltr'>ut,</span> <span class='ocrx_word' id='word_1_211' title='bbox 1072 1845 1244 1899; x_wconf 87' lang='lat' dir='ltr'>quando</span> <span class='ocrx_word' id='word_1_212' title='bbox 1266 1860 1449 1900; x_wconf 87' lang='lat' dir='ltr'>persona</span> <span class='ocrx_word' id='word_1_213' title='bbox 1472 1846 1523 1888; x_wconf 90' lang='lat' dir='ltr'>de</span> <span class='ocrx_word' id='word_1_214' title='bbox 1548 1861 1704 1888; x_wconf 86' lang='lat' dir='ltr'>scaena</span> 
     </span>
     <span class='ocr_line' id='line_1_26' title="bbox 77 1912 1701 1965; baseline 0.001 -11"><span class='ocrx_word' id='word_1_215' title='bbox 77 1912 270 1962; x_wconf 90' lang='lat' dir='ltr'>decedat,</span> <span class='ocrx_word' id='word_1_216' title='bbox 302 1927 413 1953; x_wconf 90' lang='lat' dir='ltr'>nova</span> <span class='ocrx_word' id='word_1_217' title='bbox 434 1926 589 1953; x_wconf 87' lang='lat' dir='ltr'>scaena</span> <span class='ocrx_word' id='word_1_218' title='bbox 611 1927 693 1953; x_wconf 91' lang='lat' dir='ltr'>non</span> <span class='ocrx_word' id='word_1_219' title='bbox 716 1912 977 1963; x_wconf 86' lang='lat' dir='ltr'>instituatur,</span> <span class='ocrx_word' id='word_1_220' title='bbox 1009 1914 1044 1953; x_wconf 89' lang='lat' dir='ltr'>si</span> <span class='ocrx_word' id='word_1_221' title='bbox 1075 1914 1187 1955; x_wconf 89' lang='lat' dir='ltr'>idem</span> <span class='ocrx_word' id='word_1_222' title='bbox 1211 1922 1396 1956; x_wconf 89' lang='lat' dir='ltr'>metrum</span> <span class='ocrx_word' id='word_1_223' title='bbox 1420 1915 1701 1965; x_wconf 85' lang='lat' dir='ltr'>continuetur,</span> 
     </span>
     <span class='ocr_line' id='line_1_27' title="bbox 72 1981 1701 2039; baseline 0.001 -17"><span class='ocrx_word' id='word_1_224' title='bbox 72 1981 338 2031; x_wconf 83' lang='lat' dir='ltr'>instituatur,</span> <span class='ocrx_word' id='word_1_225' title='bbox 371 1981 443 2023; x_wconf 92' lang='lat' dir='ltr'>ubi</span> <span class='ocrx_word' id='word_1_226' title='bbox 484 1981 539 2022; x_wconf 89' lang='lat' dir='ltr'>ad</span> <span class='ocrx_word' id='word_1_227' title='bbox 570 1981 688 2023; x_wconf 90' lang='lat' dir='ltr'>aliud</span> <span class='ocrx_word' id='word_1_228' title='bbox 734 1990 917 2022; x_wconf 89' lang='lat' dir='ltr'>metrum</span> <span class='ocrx_word' id='word_1_229' title='bbox 962 1983 1265 2039; x_wconf 77' lang='lat' dir='ltr'>t1·anseatur.3)</span> <span class='ocrx_word' id='word_1_230' title='bbox 1339 1998 1477 2038; x_wconf 88' lang='lat' dir='ltr'>neque</span> <span class='ocrx_word' id='word_1_231' title='bbox 1514 1984 1556 2024; x_wconf 92' lang='lat' dir='ltr'>in</span> <span class='ocrx_word' id='word_1_232' title='bbox 1596 1984 1701 2025; x_wconf 92' lang='lat' dir='ltr'>eius-</span> 
     </span>
    </p>
   </div>
   <div class='ocr_carea' id='block_1_2' title="bbox 72 2076 256 2081">
    <p class='ocr_par' dir='ltr' id='par_1_5' title="bbox 72 2076 256 2081">
     <span class='ocr_line' id='line_1_28' title="bbox 72 2076 256 2081; baseline 0 0"><span class='ocrx_word' id='word_1_233' title='bbox 72 2076 256 2081; x_wconf 95' lang='lat' dir='ltr'> </span> 
     </span>
    </p>
   </div>
   <div class='ocr_carea' id='block_1_3' title="bbox 69 2129 1702 2856">
    <p class='ocr_par' dir='ltr' id='par_1_6' title="bbox 71 2129 1702 2345">
     <span class='ocr_line' id='line_1_29' title="bbox 190 2129 1700 2176; baseline 0.003 -14"><span class='ocrx_word' id='word_1_234' title='bbox 190 2131 214 2174; x_wconf 93' lang='lat'>¹)</span> <span class='ocrx_word' id='word_1_235' title='bbox 240 2129 314 2163; x_wconf 91' lang='lat' dir='ltr'>Pro</span> <span class='ocrx_word' id='word_1_236' title='bbox 340 2140 411 2172; x_wconf 89' lang='lat' dir='ltr'>quo</span> <span class='ocrx_word' id='word_1_237' title='bbox 437 2129 481 2162; x_wconf 77' lang='lat' dir='ltr'>ha</span> <span class='ocrx_word' id='word_1_238' title='bbox 499 2130 544 2162; x_wconf 76' lang='lat' dir='ltr'>ha</span> <span class='ocrx_word' id='word_1_239' title='bbox 562 2129 602 2162; x_wconf 76' lang='lat' dir='ltr'>he</span> <span class='ocrx_word' id='word_1_240' title='bbox 626 2129 746 2173; x_wconf 82' lang='lat' dir='ltr'>magis</span> <span class='ocrx_word' id='word_1_241' title='bbox 763 2130 1043 2164; x_wconf 86' lang='lat' dir='ltr'>commendatur</span> <span class='ocrx_word' id='word_1_242' title='bbox 1059 2131 1228 2165; x_wconf 80' lang='lat' dir='ltr'>versibus</span> <span class='ocrx_word' id='word_1_243' title='bbox 1246 2132 1374 2166; x_wconf 81' lang='lat' dir='ltr'>Pseud.</span> <span class='ocrx_word' id='word_1_244' title='bbox 1391 2133 1474 2176; x_wconf 72' lang='lat'>9463</span> <span class='ocrx_word' id='word_1_245' title='bbox 1500 2133 1607 2167; x_wconf 79' lang='lat' dir='ltr'>Poen.</span> <span class='ocrx_word' id='word_1_246' title='bbox 1627 2133 1700 2168; x_wconf 76' lang='lat'>768.</span> 
     </span>
     <span class='ocr_line' id='line_1_30' title="bbox 72 2186 1702 2234; baseline 0.001 -13"><span class='ocrx_word' id='word_1_247' title='bbox 72 2187 118 2221; x_wconf 89' lang='lat' dir='ltr'>ad</span> <span class='ocrx_word' id='word_1_248' title='bbox 149 2187 303 2220; x_wconf 88' lang='lat' dir='ltr'>eandem</span> <span class='ocrx_word' id='word_1_249' title='bbox 337 2186 562 2229; x_wconf 78' lang='lat' dir='ltr'>scripturam</span> <span class='ocrx_word' id='word_1_250' title='bbox 592 2186 750 2220; x_wconf 83' lang='lat' dir='ltr'>fortasse</span> <span class='ocrx_word' id='word_1_251' title='bbox 781 2187 880 2221; x_wconf 88' lang='lat' dir='ltr'>redit</span> <span class='ocrx_word' id='word_1_252' title='bbox 926 2189 1024 2231; x_wconf 87' lang='lat' dir='ltr'>quod</span> <span class='ocrx_word' id='word_1_253' title='bbox 1049 2188 1080 2222; x_wconf 90' lang='lat' dir='ltr'><strong>P</strong></span> <span class='ocrx_word' id='word_1_254' title='bbox 1106 2201 1215 2223; x_wconf 85' lang='lat' dir='ltr'>versu</span> <span class='ocrx_word' id='word_1_255' title='bbox 1251 2190 1379 2223; x_wconf 83' lang='lat' dir='ltr'>Pseud.</span> <span class='ocrx_word' id='word_1_256' title='bbox 1407 2191 1493 2224; x_wconf 76' lang='lat'>1052</span> <span class='ocrx_word' id='word_1_257' title='bbox 1523 2189 1702 2234; x_wconf 86' lang='lat' dir='ltr'>praebent</span> 
     </span>
     <span class='ocr_line' id='line_1_31' title="bbox 71 2243 1701 2291; baseline 0.001 -13"><span class='ocrx_word' id='word_1_258' title='bbox 71 2246 116 2278; x_wconf 79' lang='lat' dir='ltr'>ka</span> <span class='ocrx_word' id='word_1_259' title='bbox 134 2245 189 2287; x_wconf 72' lang='lat' dir='ltr'>ke3</span> <span class='ocrx_word' id='word_1_260' title='bbox 215 2245 250 2277; x_wconf 91' lang='lat' dir='ltr'>A</span> <span class='ocrx_word' id='word_1_261' title='bbox 269 2243 418 2277; x_wconf 85' lang='lat' dir='ltr'>exhibet</span> <span class='ocrx_word' id='word_1_262' title='bbox 445 2243 568 2283; x_wconf 56' lang='lat' dir='ltr'>haliae,</span> <span class='ocrx_word' id='word_1_263' title='bbox 600 2243 699 2286; x_wconf 87' lang='lat' dir='ltr'>quod</span> <span class='ocrx_word' id='word_1_264' title='bbox 717 2244 754 2277; x_wconf 89' lang='lat' dir='ltr'>in</span> <span class='ocrx_word' id='word_1_265' title='bbox 779 2245 979 2278; x_wconf 69' lang='lat' dir='ltr'>Truculenti</span> <span class='ocrx_word' id='word_1_266' title='bbox 1002 2245 1124 2279; x_wconf 85' lang='lat' dir='ltr'>locum</span> <span class='ocrx_word' id='word_1_267' title='bbox 1143 2246 1285 2290; x_wconf 87' lang='lat' dir='ltr'>recepit</span> <span class='ocrx_word' id='word_1_268' title='bbox 1304 2245 1524 2290; x_wconf 87' lang='lat' dir='ltr'>Spengelius</span> <span class='ocrx_word' id='word_1_269' title='bbox 1543 2247 1701 2291; x_wconf 73' lang='lat' dir='ltr'>Reform-</span> 
     </span>
     <span class='ocr_line' id='line_1_32' title="bbox 71 2300 1179 2345; baseline 0.003 -11"><span class='ocrx_word' id='word_1_270' title='bbox 71 2302 275 2345; x_wconf 73' lang='lat' dir='ltr'>vorschlc&#39;iye</span> <span class='ocrx_word' id='word_1_271' title='bbox 299 2313 333 2345; x_wconf 90' lang='lat' dir='ltr'>p.</span> <span class='ocrx_word' id='word_1_272' title='bbox 358 2301 435 2342; x_wconf 78' lang='lat'>422,</span> <span class='ocrx_word' id='word_1_273' title='bbox 461 2300 524 2344; x_wconf 90' lang='lat' dir='ltr'>qui</span> <span class='ocrx_word' id='word_1_274' title='bbox 554 2312 702 2334; x_wconf 86' lang='lat' dir='ltr'>versum</span> <span class='ocrx_word' id='word_1_275' title='bbox 728 2301 780 2335; x_wconf 73' lang='lat' dir='ltr'>sic</span> <span class='ocrx_word' id='word_1_276' title='bbox 805 2312 887 2335; x_wconf 89' lang='lat' dir='ltr'>cum</span> <span class='ocrx_word' id='word_1_277' title='bbox 914 2302 942 2335; x_wconf 80' lang='lat' dir='ltr'>P</span> <span class='ocrx_word' id='word_1_278' title='bbox 969 2302 1179 2337; x_wconf 84' lang='lat' dir='ltr'>dimetitur:</span> 
     </span>
    </p>

    <p class='ocr_par' dir='ltr' id='par_1_7' title="bbox 342 2357 1200 2401">
     <span class='ocr_line' id='line_1_33' title="bbox 342 2357 1200 2401; baseline 0 -9"><span class='ocrx_word' id='word_1_279' title='bbox 342 2357 484 2399; x_wconf 57' lang='lat' dir='ltr'>flabat),</span> <span class='ocrx_word' id='word_1_280' title='bbox 511 2357 681 2401; x_wconf 66' lang='lat' dir='ltr'>requievi</span> <span class='ocrx_word' id='word_1_281' title='bbox 708 2358 794 2401; x_wconf 88' lang='lat' dir='ltr'>quia</span> <span class='ocrx_word' id='word_1_282' title='bbox 820 2359 919 2392; x_wconf 87' lang='lat' dir='ltr'>intro</span> <span class='ocrx_word' id='word_1_283' title='bbox 945 2359 1039 2393; x_wconf 89' lang='lat' dir='ltr'>abiit</span> <span class='ocrx_word' id='word_1_284' title='bbox 1065 2359 1200 2394; x_wconf 86' lang='lat' dir='ltr'>odium.</span> 
     </span>
    </p>

    <p class='ocr_par' dir='ltr' id='par_1_8' title="bbox 69 2426 1698 2856">
     <span class='ocr_line' id='line_1_34' title="bbox 184 2426 1698 2472; baseline 0.001 -11"><span class='ocrx_word' id='word_1_285' title='bbox 184 2428 213 2470; x_wconf 74' lang='lat'>²)</span> <span class='ocrx_word' id='word_1_286' title='bbox 237 2426 359 2461; x_wconf 87' lang='lat' dir='ltr'>Possit</span> <span class='ocrx_word' id='word_1_287' title='bbox 385 2426 533 2470; x_wconf 85' lang='lat' dir='ltr'>aliquis,</span> <span class='ocrx_word' id='word_1_288' title='bbox 565 2429 606 2460; x_wconf 90' lang='lat' dir='ltr'>ut</span> <span class='ocrx_word' id='word_1_289' title='bbox 630 2427 922 2461; x_wconf 87' lang='lat' dir='ltr'>Ambrosianum</span> <span class='ocrx_word' id='word_1_290' title='bbox 947 2427 1133 2469; x_wconf 79' lang='lat' dir='ltr'>defendat,</span> <span class='ocrx_word' id='word_1_291' title='bbox 1165 2428 1201 2461; x_wconf 91' lang='lat' dir='ltr'>in</span> <span class='ocrx_word' id='word_1_292' title='bbox 1226 2428 1540 2472; x_wconf 85' lang='lat' dir='ltr'>comparationem</span> <span class='ocrx_word' id='word_1_293' title='bbox 1566 2440 1698 2463; x_wconf 86' lang='lat' dir='ltr'>vocare</span> 
     </span>
     <span class='ocr_line' id='line_1_35' title="bbox 69 2483 1698 2530; baseline 0.001 -12"><span class='ocrx_word' id='word_1_294' title='bbox 69 2483 191 2518; x_wconf 87' lang='lat' dir='ltr'>locum</span> <span class='ocrx_word' id='word_1_295' title='bbox 223 2483 454 2517; x_wconf 88' lang='lat' dir='ltr'>simillimum</span> <span class='ocrx_word' id='word_1_296' title='bbox 479 2483 586 2528; x_wconf 75' lang='lat' dir='ltr'>Epid.</span> <span class='ocrx_word' id='word_1_297' title='bbox 612 2483 657 2517; x_wconf 82' lang='lat'>80</span> <span class='ocrx_word' id='word_1_298' title='bbox 681 2494 775 2527; x_wconf 82' lang='lat' dir='ltr'>sqq.,</span> <span class='ocrx_word' id='word_1_299' title='bbox 811 2495 831 2517; x_wconf 88' lang='lat' dir='ltr'>a</span> <span class='ocrx_word' id='word_1_300' title='bbox 857 2495 928 2527; x_wconf 93' lang='lat' dir='ltr'>quo</span> <span class='ocrx_word' id='word_1_301' title='bbox 955 2495 1064 2518; x_wconf 86' lang='lat' dir='ltr'>versu</span> <span class='ocrx_word' id='word_1_302' title='bbox 1096 2496 1319 2528; x_wconf 85' lang='lat' dir='ltr'>quamquam</span> <span class='ocrx_word' id='word_1_303' title='bbox 1349 2488 1432 2528; x_wconf 87' lang='lat' dir='ltr'>post</span> <span class='ocrx_word' id='word_1_304' title='bbox 1458 2485 1698 2530; x_wconf 82' lang='lat' dir='ltr'>Thesprionis</span> 
     </span>
     <span class='ocr_line' id='line_1_36' title="bbox 69 2539 1698 2584; baseline 0.001 -11"><span class='ocrx_word' id='word_1_305' title='bbox 69 2540 211 2574; x_wconf 82' lang='lat' dir='ltr'>abitum</span> <span class='ocrx_word' id='word_1_306' title='bbox 230 2539 379 2584; x_wconf 84' lang='lat' dir='ltr'>Epidici</span> <span class='ocrx_word' id='word_1_307' title='bbox 406 2541 593 2574; x_wconf 88' lang='lat' dir='ltr'>canticum</span> <span class='ocrx_word' id='word_1_308' title='bbox 618 2539 762 2584; x_wconf 79' lang='lat' dir='ltr'>incipit,</span> <span class='ocrx_word' id='word_1_309' title='bbox 790 2540 1036 2575; x_wconf 88' lang='lat' dir='ltr'>nihilominus</span> <span class='ocrx_word' id='word_1_310' title='bbox 1063 2541 1142 2575; x_wconf 76' lang='grc' dir='ltr'>ΑΡ</span> <span class='ocrx_word' id='word_1_311' title='bbox 1169 2552 1337 2575; x_wconf 86' lang='lat' dir='ltr'>scaenam</span> <span class='ocrx_word' id='word_1_312' title='bbox 1363 2541 1591 2575; x_wconf 83' lang='lat' dir='ltr'>continuant.</span> <span class='ocrx_word' id='word_1_313' title='bbox 1640 2554 1698 2575; x_wconf 88' lang='lat' dir='ltr'>ne-</span> 
     </span>
     <span class='ocr_line' id='line_1_37' title="bbox 71 2596 1698 2641; baseline 0.001 -12"><span class='ocrx_word' id='word_1_314' title='bbox 71 2608 140 2640; x_wconf 89' lang='lat' dir='ltr'>que</span> <span class='ocrx_word' id='word_1_315' title='bbox 173 2607 267 2640; x_wconf 86' lang='lat' dir='ltr'>nego</span> <span class='ocrx_word' id='word_1_316' title='bbox 313 2596 374 2630; x_wconf 88' lang='lat' dir='ltr'>hic</span> <span class='ocrx_word' id='word_1_317' title='bbox 398 2608 515 2630; x_wconf 81' lang='lat' dir='ltr'>novae</span> <span class='ocrx_word' id='word_1_318' title='bbox 541 2607 692 2630; x_wconf 83' lang='lat' dir='ltr'>scaenae</span> <span class='ocrx_word' id='word_1_319' title='bbox 725 2596 873 2630; x_wconf 90' lang='lat' dir='ltr'>initium</span> <span class='ocrx_word' id='word_1_320' title='bbox 904 2608 981 2630; x_wconf 87' lang='lat' dir='ltr'>esse</span> <span class='ocrx_word' id='word_1_321' title='bbox 1006 2597 1255 2641; x_wconf 75' lang='lat' dir='ltr'>aptissimum3</span> <span class='ocrx_word' id='word_1_322' title='bbox 1292 2598 1357 2632; x_wconf 87' lang='lat' dir='ltr'>sed</span> <span class='ocrx_word' id='word_1_323' title='bbox 1390 2598 1486 2632; x_wconf 91' lang='lat' dir='ltr'>unde</span> <span class='ocrx_word' id='word_1_324' title='bbox 1519 2598 1698 2631; x_wconf 82' lang='lat' dir='ltr'>eiusmodi</span> 
     </span>
     <span class='ocr_line' id='line_1_38' title="bbox 71 2652 1698 2698; baseline 0.001 -13"><span class='ocrx_word' id='word_1_325' title='bbox 71 2652 341 2686; x_wconf 78' lang='lat' dir='ltr'>inconstantiae</span> <span class='ocrx_word' id='word_1_326' title='bbox 370 2652 532 2687; x_wconf 86' lang='lat' dir='ltr'>habeant</span> <span class='ocrx_word' id='word_1_327' title='bbox 558 2652 845 2696; x_wconf 80' lang='lat' dir='ltr'>explicationem</span> <span class='ocrx_word' id='word_1_328' title='bbox 870 2653 908 2686; x_wconf 89' lang='lat' dir='ltr'>in</span> <span class='ocrx_word' id='word_1_329' title='bbox 926 2654 1139 2688; x_wconf 82' lang='lat' dir='ltr'>universum</span> <span class='ocrx_word' id='word_1_330' title='bbox 1166 2666 1277 2698; x_wconf 86' lang='lat' dir='ltr'>supra</span> <span class='ocrx_word' id='word_1_331' title='bbox 1302 2654 1443 2688; x_wconf 88' lang='lat' dir='ltr'>dictum</span> <span class='ocrx_word' id='word_1_332' title='bbox 1469 2657 1540 2696; x_wconf 79' lang='lat' dir='ltr'>est3</span> <span class='ocrx_word' id='word_1_333' title='bbox 1567 2654 1698 2687; x_wconf 88' lang='lat' dir='ltr'>deinde</span> 
     </span>
     <span class='ocr_line' id='line_1_39' title="bbox 70 2708 1696 2755; baseline 0.001 -13"><span class='ocrx_word' id='word_1_334' title='bbox 70 2708 131 2742; x_wconf 89' lang='lat' dir='ltr'>hic</span> <span class='ocrx_word' id='word_1_335' title='bbox 155 2708 257 2743; x_wconf 83' lang='lat' dir='ltr'>loeus</span> <span class='ocrx_word' id='word_1_336' title='bbox 284 2709 399 2743; x_wconf 84' lang='lat' dir='ltr'>distat</span> <span class='ocrx_word' id='word_1_337' title='bbox 425 2721 445 2743; x_wconf 85' lang='lat' dir='ltr'>a</span> <span class='ocrx_word' id='word_1_338' title='bbox 471 2708 698 2743; x_wconf 80' lang='lat' dir='ltr'>Truculento</span> <span class='ocrx_word' id='word_1_339' title='bbox 731 2710 795 2750; x_wconf 85' lang='lat' dir='ltr'>ita,</span> <span class='ocrx_word' id='word_1_340' title='bbox 820 2713 861 2742; x_wconf 87' lang='lat' dir='ltr'>ut</span> <span class='ocrx_word' id='word_1_341' title='bbox 891 2710 992 2745; x_wconf 74' lang='lat' dir='ltr'>Tmo.</span> <span class='ocrx_word' id='word_1_342' title='bbox 1018 2722 1065 2744; x_wconf 87' lang='lat' dir='ltr'>sc.</span> <span class='ocrx_word' id='word_1_343' title='bbox 1090 2709 1131 2744; x_wconf 84' lang='lat' dir='ltr'>H</span> <span class='ocrx_word' id='word_1_344' title='bbox 1158 2712 1174 2744; x_wconf 90' lang='lat'>1</span> <span class='ocrx_word' id='word_1_345' title='bbox 1201 2711 1312 2755; x_wconf 89' lang='lat' dir='ltr'>primi</span> <span class='ocrx_word' id='word_1_346' title='bbox 1338 2723 1463 2745; x_wconf 89' lang='lat' dir='ltr'>versus</span> <span class='ocrx_word' id='word_1_347' title='bbox 1489 2710 1562 2744; x_wconf 87' lang='lat' dir='ltr'>alio</span> <span class='ocrx_word' id='word_1_348' title='bbox 1589 2713 1696 2753; x_wconf 85' lang='lat' dir='ltr'>atque</span> 
     </span>
     <span class='ocr_line' id='line_1_40' title="bbox 69 2765 1696 2810; baseline 0.001 -12"><span class='ocrx_word' id='word_1_349' title='bbox 69 2766 130 2808; x_wconf 89' lang='lat' dir='ltr'>qui</span> <span class='ocrx_word' id='word_1_350' title='bbox 156 2765 379 2799; x_wconf 86' lang='lat' dir='ltr'>antecedunt</span> <span class='ocrx_word' id='word_1_351' title='bbox 403 2769 522 2799; x_wconf 88' lang='lat' dir='ltr'>metro</span> <span class='ocrx_word' id='word_1_352' title='bbox 553 2769 716 2807; x_wconf 78' lang='lat' dir='ltr'>utantur,</span> <span class='ocrx_word' id='word_1_353' title='bbox 742 2766 779 2799; x_wconf 88' lang='lat' dir='ltr'>in</span> <span class='ocrx_word' id='word_1_354' title='bbox 804 2766 956 2810; x_wconf 74' lang='lat' dir='ltr'>Epidico</span> <span class='ocrx_word' id='word_1_355' title='bbox 982 2766 1131 2800; x_wconf 89' lang='lat' dir='ltr'>initium</span> <span class='ocrx_word' id='word_1_356' title='bbox 1158 2767 1294 2801; x_wconf 89' lang='lat' dir='ltr'>cantici</span> <span class='ocrx_word' id='word_1_357' title='bbox 1321 2767 1450 2801; x_wconf 87' lang='lat' dir='ltr'>eodem</span> <span class='ocrx_word' id='word_1_358' title='bbox 1481 2778 1552 2810; x_wconf 89' lang='lat' dir='ltr'>quo</span> <span class='ocrx_word' id='word_1_359' title='bbox 1571 2778 1696 2800; x_wconf 88' lang='lat' dir='ltr'>versus</span> 
     </span>
     <span class='ocr_line' id='line_1_41' title="bbox 69 2822 745 2856; baseline 0 -1"><span class='ocrx_word' id='word_1_360' title='bbox 69 2822 328 2856; x_wconf 85' lang='lat' dir='ltr'>antecedentes</span> <span class='ocrx_word' id='word_1_361' title='bbox 355 2825 472 2856; x_wconf 89' lang='lat' dir='ltr'>metro</span> <span class='ocrx_word' id='word_1_362' title='bbox 498 2823 745 2856; x_wconf 83' lang='lat' dir='ltr'>continuetur.</span> 
     </span>
    </p>
   </div>
   <div class='ocr_carea' id='block_1_4' title="bbox 69 2889 1696 2992">
    <p class='ocr_par' dir='ltr' id='par_1_9' title="bbox 69 2889 1696 2992">
     <span class='ocr_line' id='line_1_42' title="bbox 163 2889 1694 2933; baseline 0.001 -11"><span class='ocrx_word' id='word_1_363' title='bbox 163 2891 191 2933; x_wconf 79' lang='lat'>³)</span> <span class='ocrx_word' id='word_1_364' title='bbox 216 2889 318 2933; x_wconf 81' lang='lat' dir='ltr'>Quae</span> <span class='ocrx_word' id='word_1_365' title='bbox 342 2889 441 2932; x_wconf 75' lang='lat' dir='ltr'>leges</span> <span class='ocrx_word' id='word_1_366' title='bbox 466 2892 507 2923; x_wconf 89' lang='lat' dir='ltr'>ut</span> <span class='ocrx_word' id='word_1_367' title='bbox 525 2890 668 2933; x_wconf 89' lang='lat' dir='ltr'>possint</span> <span class='ocrx_word' id='word_1_368' title='bbox 693 2901 713 2923; x_wconf 89' lang='lat' dir='ltr'>a</span> <span class='ocrx_word' id='word_1_369' title='bbox 730 2890 819 2923; x_wconf 86' lang='lat' dir='ltr'>viris</span> <span class='ocrx_word' id='word_1_370' title='bbox 845 2889 965 2924; x_wconf 87' lang='lat' dir='ltr'>doctis</span> <span class='ocrx_word' id='word_1_371' title='bbox 984 2892 1198 2931; x_wconf 80' lang='lat' dir='ltr'>examinari,</span> <span class='ocrx_word' id='word_1_372' title='bbox 1226 2903 1271 2925; x_wconf 84' lang='lat' dir='ltr'>ex</span> <span class='ocrx_word' id='word_1_373' title='bbox 1289 2891 1423 2925; x_wconf 82' lang='lat' dir='ltr'>fabulis</span> <span class='ocrx_word' id='word_1_374' title='bbox 1450 2903 1469 2924; x_wconf 90' lang='lat' dir='ltr'>a</span> <span class='ocrx_word' id='word_1_375' title='bbox 1489 2891 1694 2925; x_wconf 75' lang='lat' dir='ltr'>Ritsehelio</span> 
     </span>
     <span class='ocr_line' id='line_1_43' title="bbox 69 2945 1696 2992; baseline 0.001 -12"><span class='ocrx_word' id='word_1_376' title='bbox 69 2946 309 2991; x_wconf 79' lang='lat' dir='ltr'>tresvirisque</span> <span class='ocrx_word' id='word_1_377' title='bbox 356 2945 466 2979; x_wconf 88' lang='lat' dir='ltr'>editis</span> <span class='ocrx_word' id='word_1_378' title='bbox 519 2946 653 2989; x_wconf 79' lang='lat' dir='ltr'>collegi</span> <span class='ocrx_word' id='word_1_379' title='bbox 687 2957 779 2989; x_wconf 87' lang='lat' dir='ltr'>quae</span> <span class='ocrx_word' id='word_1_380' title='bbox 816 2946 886 2980; x_wconf 88' lang='lat' dir='ltr'>huc</span> <span class='ocrx_word' id='word_1_381' title='bbox 927 2949 1126 2991; x_wconf 84' lang='lat' dir='ltr'>pertinent.</span> <span class='ocrx_word' id='word_1_382' title='bbox 1186 2960 1281 2982; x_wconf 86' lang='lat' dir='ltr'>nova</span> <span class='ocrx_word' id='word_1_383' title='bbox 1312 2948 1428 2992; x_wconf 84' lang='lat' dir='ltr'>igitur</span> <span class='ocrx_word' id='word_1_384' title='bbox 1463 2958 1593 2981; x_wconf 83' lang='lat' dir='ltr'>scaena</span> <span class='ocrx_word' id='word_1_385' title='bbox 1622 2959 1696 2982; x_wconf 92' lang='lat' dir='ltr'>non</span> 
     </span>
    </p>
   </div>
  </div>
 </body>
</html>
