2020 3278
1098 135 1177 178 128

432 272 537 314 Pera
572 271 813 312 725—730
851 273 1072 314 scaenicae
1105 274 1392 315 retractationi
1426 274 1571 316 deberi
1605 275 1810 318 Goetzius
1839 276 1868 317 l.
1905 291 1942 320 c.

318 355 357 394 p.
389 340 472 381 300
510 340 830 381 demonstravit.
892 356 959 384 vv,
992 342 1105 382 enim
1147 342 1240 384 727.
1275 343 1356 383 728
1397 343 1585 384 arcessiti
1624 351 1721 384 sunt
1767 358 1820 385 ex
1850 336 1960 386 467.'

316 408 412 450 468.
473 408 626 448 deinde
649 423 717 451 VV.
742 408 834 450 728.
856 408 937 449 729
970 424 1110 450 rerum
1143 410 1383 451 condicioni
1416 426 1500 452 non
1533 414 1812 466 conveniunt3
1846 428 1945 454 nam

315 484 409 533 post
440 477 605 518 abitum
646 476 806 517 domini
846 476 989 518 Toxili
1027 478 1173 520 turbas
1223 479 1336 520 facit.
1399 494 1483 536 quo
1524 494 1622 522 cum
1663 496 1788 523 versu
1831 481 1945 522 nullo

320 545 446 586 modo
479 545 663 585 concinit
694 545 766 599 qui
798 545 841 585 in
873 544 961 586 solo
994 545 1037 586 A
1065 546 1278 600 sequitur:

431 613 567 662 Tunc,
599 613 772 667 quando
804 613 948 655 abiero
977 641 1033 645 —
1064 614 1198 658 SAG.
1259 616 1359 670 quin
1395 615 1540 656 taces?
1572 616 1660 657 scio
1692 616 1795 671 quid
1829 616 1945 659 velis.

318 682 369 722 de
402 696 485 735 quo
517 680 744 723 Goetzius:
793 681 897 730 ‚Der
929 682 1053 724 letzte
1086 682 1195 724 Vers
1227 684 1338 724 sieht
1369 684 1454 724 fast
1485 684 1602 725 einer
1634 684 1944 741 Interpolation

317 750 504 800 ahulich,
536 750 604 791 die
638 749 734 790 dem
767 749 1003 791 Bestreben
1035 759 1281 807 entsprang,
1317 751 1393 793 das
1419 751 1636 794 Versehen
1671 753 1728 794 im
1762 752 1944 796 Vorher-

316 818 540 874 gehenden
573 818 730 859 wieder
767 826 845 874 gut
877 833 929 859 zu
970 818 1176 859 macheu!
1237 819 1311 860 sed
1350 819 1492 860 nescio
1523 835 1578 860 an
1618 820 1660 860 in
1693 820 1776 862 alio
1807 834 1946 862 exem-

317 888 425 944 plari
464 887 640 928 histrico
681 886 874 927 versibus
915 886 1081 928 duobus
1122 887 1472 928 antecedentibus
1513 887 1767 929 substitutus
1808 889 1947 939 fuerit,

319 965 361 999 ut
393 957 435 997 in
467 956 539 996 illo
571 955 633 996 sic
665 955 800 996 oratio
832 957 1110 1010 processerit:

429 1025 529 1080 Age
561 1024 665 1065 illuc
695 1023 879 1065 abscede
911 1024 1060 1079 procul
1093 1039 1114 1065 e
1147 1030 1380 1079 conspectu
1411 1030 1452 1064 et
1483 1030 1590 1067 tace.

433 1093 569 1142 Tune,
601 1092 773 1147 quando
806 1091 951 1133 abiero
983 1119 1037 1123 -
1068 1092 1202 1136 SAG.
1248 1092 1351 1146 quin
1384 1093 1529 1135 taces?
1559 1092 1660 1142 scio,
1694 1093 1797 1147 quid
1830 1093 1948 1134 velis.

316 1162 532 1217 duplicem
562 1161 694 1217 igitur
727 1160 932 1202 habemus
965 1162 1007 1201 in
1042 1162 1078 1201 A
1111 1161 1416 1202 recensionem.

431 1231 578 1271 Pseud.
618 1229 872 1271 571-573.
941 1229 1182 1270 Pseudulus
1229 1229 1453 1283 soliloquio
1500 1229 1647 1270 habito
1695 1229 1747 1270 de
1793 1244 1948 1271 scaena

321 1299 515 1341 abiturus
548 1298 655 1339 haec
687 1297 808 1339 dicit:

430 1367 508 1410 571
545 1365 792 1410 Concedere
825 1365 1134 1422 aliquantisper
1164 1365 1263 1405 hinc
1295 1366 1350 1406 mi
1382 1365 1492 1407 intro
1523 1365 1656 1413 lubet,

549 1434 666 1476 Dum
698 1435 974 1475 concenturio
1006 1434 1049 1474 in
1081 1433 1208 1474 corde
1240 1433 1557 1489 sucophantias.

432 1504 514 1545 573
547 1503 726 1544 Tibicen
761 1516 834 1543 vos
865 1502 1029 1543 interea
1062 1502 1350 1543 delectaverit.

322 1574 363 1614 in
387 1573 454 1614 his
486 1587 609 1613 nemo
642 1586 847 1625 umquam
879 1570 1069 1620 offendit,
1103 1570 1237 1611 donec
1260 1570 1458 1612 Loewius
1490 1571 1614 1612 Amal.
1638 1571 1773 1611 Plauc.
1799 1585 1840 1625 p.
1868 1571 1946 1611 168

319 1640 598 1696 investigavit
625 1654 796 1680 versum
828 1638 911 1681 :573
950 1653 1003 1679 ex
1036 1638 1219 1693 abrupto
1252 1638 1373 1693 sequi
1405 1638 1706 1680 antecedentes
1739 1652 1816 1679 nec
1847 1638 1948 1679 satis

318 1709 426 1751 bene
457 1723 668 1750 conexum
702 1722 793 1749 esse
827 1722 924 1748 cum
956 1707 1027 1761 iis3
1062 1708 1259 1748 lacunam
1291 1716 1431 1748 autem
1465 1707 1626 1762 optime
1659 1707 1822 1763 expleri
1855 1721 1948 1748 cen-

318 1778 402 1819 suit
425 1792 549 1819 versu
572 1792 683 1818 novo
705 1777 746 1817 in
770 1776 814 1818 A
846 1782 940 1831 post
972 1776 1055 1816 572
1087 1775 1141 1817 ab
1174 1791 1222 1818 eo
1253 1776 1429 1818 invento
1461 1784 1501 1818 et
1533 1777 1593 1818 sic
1631 1776 1946 1832 redintegrato:

437 1846 611 1904 [Statim
644 1854 855 1887 revortar:
887 1846 996 1902 n]0n
1029 1859 1100 1885 ero
1133 1844 1254 1886 vobis
1287 1859 1442 1886 morae.

318 1917 359 1957 in
401 1916 556 1971 quibus
597 1930 676 1971 ego
718 1915 821 1956 nihil
859 1915 940 1955 nisi
980 1913 1279 1955 otiosissimam
1320 1913 1698 1968 amplificationem
1742 1913 1947 1954 orationis

322 1999 529 2041 agnosco,
577 1998 663 2037 qua
703 1984 816 2037 quod
856 1984 1012 2024 dicitur
1051 1983 1154 2024 satis
1195 1990 1394 2023 accurate
1435 1982 1521 2023 iam
1562 1982 1804 2023 continetur
1843 1995 1946 2023 voce

321 2054 622 2109 aliquantisper,
670 2067 840 2093 versum
877 2052 1154 2093 subditicium
1195 2066 1286 2092 esse
1318 2066 1412 2092 mea
1455 2051 1630 2105 quidem
1662 2049 1874 2092 sententia
1903 2049 1946 2090 id

320 2122 422 2163 satis
454 2122 730 2173 demonstrat,
765 2120 879 2176 quod
911 2123 1060 2162 interea
1093 2128 1238 2175 aperte
1270 2119 1445 2174 respicit
1477 2119 1530 2160 ad
1564 2121 1661 2160 dum
1691 2120 1947 2160 comentur-io.

320 2190 433 2230 hunc
466 2196 608 2230 autem
649 2203 733 2229 non
774 2189 949 2230 cuilibet
981 2188 1262 2244 grammatico
1307 2187 1497 2229 codicem
1537 2187 1833 2244 interpolanti,
1873 2187 1946 2228 sed

321 2257 513 2299 histrioni
536 2257 751 2298 auditores
774 2257 1007 2313 alloquenti
1038 2255 1182 2297 deberi
1215 2270 1337 2296 nemo
1370 2271 1453 2297 non
1486 2255 1616 2297 videt.
1679 2271 1760 2296 non
1794 2256 1946 2310 magiS,

318 2334 366 2367 ut
397 2326 476 2367 hoc
507 2326 606 2367 data
637 2326 859 2367 occasione
891 2325 1111 2367 absolvam
1145 2339 1403 2381 quamquam
1436 2324 1491 2365 ad
1523 2327 1763 2365 scaenicam
1805 2337 1947 2364 recen-

320 2396 481 2435 sionem
520 2394 658 2435 minus
698 2394 903 2450 pertinet,
949 2393 1092 2435 Plauti
1134 2402 1194 2434 est
1236 2407 1403 2441 versus,
1452 2392 1525 2448 qui
1571 2399 1667 2447 post
1713 2392 1860 2432 Pseud.
1894 2390 1948 2432 66

320 2462 616 2504 Studemundo
649 2463 709 2503 sie
741 2462 959 2517 apparuit:

434 2530 691 2572 Nostrorum
723 2531 941 2586 orgiorum
971 2534 1106 2583 [7—-8
1137 2531 1231 2581 litt]
1264 2529 1546 2581 iunculsl——2
1578 2528 1686 2578 litas,

321 2599 493 2641 Loewio
525 2606 667 2641 autem
700 2599 726 2640 l.
760 2614 793 2641 c.
826 2614 864 2654 p.
900 2600 1000 2641 153:

429 2667 685 2709 Nostrorum
717 2668 822 2720 [fere
855 2672 880 2708 6
911 2668 1006 2718 litt]
1039 2682 1107 2707 um
1132 2670 1320 2719 .s[5—6
1351 2666 1448 2717 litt]
1481 2663 1671 2711 nucula,

323 2736 391 2777 cui
424 2735 791 2778 dubitatiunculae
823 2735 1031 2776 subnatae
1064 2743 1181 2785 sunt,
1222 2750 1321 2776 num
1362 2737 1563 2790 oryioown
1600 2733 1701 2774 olim
1742 2731 1947 2786 scriptum

322 2804 465 2854 fuerit,
496 2819 593 2845 cum
625 2812 847 2845 nostroown
875 2806 1076 2859 m‘yiomm
1099 2811 1282 2844 metrum
1314 2817 1399 2843 non
1430 2802 1634 2857 patiatur3
1667 2800 1781 2855 quod
1813 2814 1948 2841 emen-

323 2873 510 2915 dandum
542 2888 633 2914 esse
662 2873 705 2913 in
737 2880 914 2913 nostrum
946 2874 1147 2927 oryiorum
1178 2871 1269 2925 ipse
1301 2870 1508 2912 indicavit
1539 2883 1674 2923 eaque
1706 2866 1948 2922 corruptela

321 2949 407 2982 tam
437 2942 629 2998 vulgaris
662 2950 745 2990 est,
784 2947 831 2983 ut
861 2940 960 2981 inde
1002 2939 1167 2980 veritati
1200 2938 1596 2981 Studemundianae
1641 2936 1860 2985 lectionis,
1892 2934 1944 2975 de
